3208 5080
784 387 1006 448 „pp-

417 722 648 800 Reiiquiarum
673 738 829 786 numerus
863 722 927 786 etsi
959 721 1066 786 maior
1097 730 1149 787 est
1181 741 1276 801 quam
1306 723 1345 787 de
1370 724 1484 788 Danae

310 827 462 910 Liviana,
501 837 613 894 tamen
652 846 692 893 ne
728 846 769 892 ex
805 830 855 892 eis
891 828 1022 907 quidem
1059 829 1235 908 quiequam
1271 829 1311 894 de
1347 839 1484 896 auctore

310 933 440 1000 Graeco
473 936 651 1001 enucleare
684 936 776 1001 linet.
825 934 1030 1001 Crediderim
1061 954 1142 1002 vero
1167 937 1328 1002 Naevium
1353 956 1483 1016 quoque

307 1042 503 1121 Euripidem
539 1043 697 1121 Sophocli
732 1043 945 1121 praetulisse.
993 1043 1073 1108 Nam
1110 1044 1210 1108 etiam
1246 1043 1386 1126 Ennius,
1424 1046 1480 1123 qui

308 1149 393 1214 haud
430 1150 479 1214 ita
513 1151 630 1228 paucis
665 1151 761 1215 annis
796 1157 873 1228 post
908 1150 1102 1229 tragoedias
1139 1169 1335 1228 componere
1361 1151 1483 1232 eoepit,

307 1258 482 1336 Euripidis
512 1259 692 1337 praecipue
725 1256 856 1322 fabulas
890 1265 1025 1322 secutus
1054 1266 1116 1340 est,
1145 1276 1252 1338 neque
1277 1267 1354 1323 ante
1378 1259 1483 1323 Paou·

308 1365 399 1430 vium
418 1372 452 1429 et
468 1367 606 1430 Aonium
624 1365 806 1444 Sophocles
823 1365 910 1430 tanti
927 1365 1123 1429 aestimatus
1141 1373 1203 1446 est,
1228 1366 1344 1444 quanti
1361 1365 1483 1444 diguus

307 1469 426 1555 eram).

743 1773 822 1872 du.
856 1771 1045 1869 Ennius.

412 1971 606 2037 Glossarum
633 1972 819 2038 Salomonis
842 1972 974 2037 verbis:

466 2079 679 2160 „tragoedias
703 2079 832 2144 Ennius
864 2078 934 2142 iere
964 2097 1076 2143 omues
1100 2097 1141 2142 ex
1166 2079 1307 2144 Graecis
1330 2088 1478 2144 transtu·

463 2185 516 2266 lit,
541 2187 702 2264 plurimas
726 2204 767 2249 ex
791 2184 996 2266 Euripideis,
1023 2186 1201 2250 nonnullas
1224 2187 1475 2251 Aristarcheis“

303 2292 460 2358 docemur
477 2292 652 2371 Euripidis
675 2293 816 2357 maxime
841 2293 989 2370 vestigia
1008 2292 1151 2357 Ennium
1177 2295 1352 2375 pressisse,
1377 2294 1477 2372 idque

301 2407 487 2465 testantur:
1590 2379 1591 2396 ¹

462 2507 501 2571 de
526 2506 641 2572 Medea
667 2506 780 2570 exule:
829 2506 896 2571 Cio.
923 2506 962 2570 de
986 2505 1039 2569 fin.
1065 2507 1092 2588 I,
1118 2513 1147 2587 2,
1172 2511 1194 2569 4

461 2614 501 2678 de
527 2616 682 2679 Hecuba:
829 2612 916 2678 Geli.
941 2613 1037 2676 Noot.
1062 2615 1133 2678 Art.
1159 2613 1219 2694 XI,
1244 2617 1275 2695 4,
1301 2617 1319 2676 3

461 2721 500 2786 de
525 2720 733 2786 Alexandro:
825 2721 934 2785 Varro
960 2719 999 2783 de
1023 2719 1045 2783 l.
1070 2721 1092 2784 l.
1118 2720 1193 2802 VII,
1219 2725 1260 2784 82

462 2827 501 2892 de
526 2826 776 2893 Andromacha:
824 2827 933 2891 Varro
958 2826 997 2890 de
1022 2827 1043 2890 l.
1069 2827 1090 2890 l.
1115 2827 1191 2909 VH,
1216 2833 1268 2891 82.

300 2933 391 2999 Idem
415 2932 678 3014 fragmentorum
703 2935 793 2999 inter
816 2953 852 2999 se
870 2934 1119 3012 comparatione
1144 2935 1322 3013 probatur:

462 3041 501 3106 de
526 3042 674 3120 Telepho
700 3050 734 3106 et
758 3041 798 3105 de
822 3041 1023 3123 Melanippa,

300 3148 581 3213 verisimillimum
605 3147 659 3214 fit:

461 3253 501 3319 de
525 3255 643 3320 Medea
666 3255 877 3336 Atheniensi,

302 3361 354 3424 oui
379 3361 554 3440 Euripidis
578 3364 713 3441 Aegeus
741 3361 878 3427 subesse
902 3362 1047 3443 videtur,

464 3468 503 3532 de
527 3469 730 3551 Erechtheo,
755 3469 795 3533 de
819 3470 998 3538 Phoenice.

407 3575 488 3639 Nam
524 3593 632 3654 neque
668 3575 811 3640 aliorum
847 3576 886 3640 de
918 3575 1042 3640 eisdem
1076 3579 1176 3642 rebus
1205 3577 1355 3642 dramate
1377 3579 1474 3642 uobis

301 3689 382 3747 nota
406 3689 494 3763 suut,
519 3691 557 3747 ut
580 3683 608 3746 si
633 3700 699 3746 non
723 3683 807 3765 sola,
831 3692 942 3749 tamen
967 3684 1156 3748 clarissima
1173 3682 1212 3746 de
1238 3701 1298 3747 sna
1322 3684 1474 3764 quodque
1585 3765 1586 3770 Ἰ

301 3789 443 3853 materia
466 3788 571 3853 fuisse
595 3789 784 3871 videantur,
809 3798 844 3855 et
859 3790 1017 3868 Euripidi
1041 3798 1178 3868 praeter
1202 3799 1333 3855 ceteros
1349 3791 1474 3857 favisse
1585 3779 1586 3790 ¹

300 3895 444 3960 Ennium
469 3896 623 3961 vidimus.

408 4002 458 4066 De
483 4002 630 4082 Thyeste
663 4012 784 4086 autem,
817 4005 912 4069 ouius
943 4002 1057 4068 fabula
1081 4003 1202 4068 iterum
1227 4011 1327 4082 atque
1352 4006 1473 4069 iterum

301 4129 320 4173 a
345 4107 486 4173 Graecis
515 4117 664 4176 tractata
695 4117 756 4193 est,
787 4110 940 4175 dubitare
965 4110 1066 4187 lioet;
1097 4110 1257 4175 Aloumeo
1282 4129 1363 4176 vero
1387 4111 1474 4176 idem

305 4263 511 4277 5*—

409 4372 434 4438 l)
452 4371 587 4444 Euripidis
606 4373 724 4428 tonnam
743 4375 870 4444 proponit
889 4373 970 4428 etiam
990 4374 1154 4430 Klusemann
1173 4375 1190 4430 l.
1210 4375 1229 4430 1.
1247 4391 1310 4445 pag.
1329 4376 1373 4430 94.
