3208 5080
784 414 993 480 ..g-

303 621 381 692 apta
405 611 597 693 videbatur,
630 630 713 690 qnae
737 613 914 692 tragoedia
937 613 1152 695 redderetur,
1187 624 1224 680 ut
1254 617 1469 694 complurium

303 721 509 785 Graecorum
556 718 667 783 studia
721 721 951 800 allicerentur,
991 721 1083 785 velut
1141 718 1298 791 Οἰδίπους
1351 723 1470 787 titulus

302 827 388 906 apud
435 845 552 893 novem
599 835 716 904 poetas
761 829 927 910 recurrit,
975 829 1031 906 qui
1085 838 1242 907 quantum
1294 831 1383 895 inter
1436 849 1469 895 se

302 935 548 1014 discrepuerint
584 934 704 1012 quidve
741 936 795 1000 vel
831 936 1036 1000 mutaverint
1071 937 1126 1001 vel
1159 939 1237 1002 novi
1267 938 1470 1002 inseruerint

301 1045 398 1122 plane
435 1043 637 1119 ignoramus.
684 1042 791 1106 Porro
828 1043 903 1120 quis
939 1049 991 1106 est
1027 1043 1083 1121 qui
1120 1042 1264 1108 affirmet
1295 1063 1406 1109 omnes
1431 1045 1468 1108 de

300 1151 414 1214 eadem
444 1150 586 1214 materia
620 1149 827 1214 diversorum
864 1158 1038 1227 poetarum
1073 1148 1205 1214 fabulas
1241 1153 1337 1215 nobis
1373 1161 1468 1217 notas

300 1256 397 1332 esse?
458 1257 574 1320 Nonne
620 1257 692 1319 eius
737 1257 843 1334 ipsius
886 1256 1083 1334 tragoediae
1124 1257 1273 1322 Graecae
1311 1261 1469 1324 memoria

299 1365 475 1430 evanuisse
499 1371 622 1443 potest,
649 1381 744 1441 quam
769 1364 936 1427 Romanus
961 1364 1113 1428 imitatus
1139 1365 1214 1429 est?
1260 1366 1333 1429 Non
1363 1367 1469 1446 igitur

298 1473 427 1551 mirum,
463 1470 550 1549 quod
586 1471 719 1547 saepius
755 1469 788 1534 id
836 1477 985 1534 statuere
1023 1479 1158 1536 coactus
1195 1491 1275 1561 sum,
1313 1473 1399 1551 quod
1431 1492 1467 1537 re

298 1597 379 1643 vera
412 1576 663 1656 probabilitatis
693 1577 837 1654 speciem
869 1596 934 1640 non
965 1577 1165 1659 excedebat,
1194 1597 1301 1657 neque
1336 1581 1466 1644 crimini

297 1685 378 1748 mibi
403 1701 598 1763 quemquam
624 1683 776 1747 daturum
802 1701 875 1748 esse
900 1702 1009 1765 spero,
1034 1685 1121 1763 quod
1147 1685 1234 1749 baud
1258 1687 1328 1750 scio
1354 1689 1466 1769 ausit,

298 1793 353 1855 ubi
390 1792 489 1856 nimis
524 1798 651 1855 temere
687 1791 877 1869 suspicatus
910 1808 983 1854 esse
1017 1791 1145 1872 videar,
1183 1793 1333 1870 quamvis
1371 1802 1466 1858 caute

296 1898 596 1984 difficultatumque
621 1897 781 1975 providus
806 1916 907 1977 agere
933 1898 1078 1962 studens.

402 2005 516 2083 Neque
541 2021 621 2069 vero
646 2022 750 2082 nsque
775 2021 813 2066 eo
840 2023 921 2082 opus
945 2023 1051 2068 meum
1077 2005 1212 2070 extendi
1239 2014 1275 2070 nt
1305 2007 1466 2084 complec-

295 2121 398 2193 terer,
424 2111 584 2190 quidquid
619 2111 868 2188 tragoediarum
894 2111 1115 2176 Romanarum
1150 2113 1183 2174 in
1208 2113 1315 2176 lucem
1341 2114 1464 2177 editum

296 2228 357 2283 est.
404 2219 467 2283 Sed
500 2218 652 2297 quoniam
683 2218 745 2282 duo
785 2226 970 2296 temporum
1011 2220 1121 2296 spatia
1156 2218 1309 2301 fuerunt,
1346 2222 1465 2298 quibus

294 2327 418 2390 Romae
454 2326 594 2389 maxime
629 2323 815 2389 floruerunt
849 2326 974 2405 tragici
1012 2333 1143 2408 poetae,
1181 2328 1275 2404 prius
1311 2335 1466 2393 sextoet

296 2433 448 2514 septimo,
473 2432 643 2509 posterius
669 2439 788 2497 octavo
813 2440 847 2496 et
871 2451 956 2496 nono
981 2434 1022 2496 ab
1048 2435 1128 2496 urbe
1154 2432 1288 2498 condita
1319 2435 1463 2516 saeculo,

295 2540 336 2603 ad
367 2539 451 2602 illud
481 2539 586 2602 solum
620 2540 763 2602 animum
797 2538 939 2603 adverti.
992 2539 1074 2603 Nam
1104 2540 1245 2617 primum
1284 2541 1464 2605 cavendum

296 2654 379 2726 erat,
404 2664 445 2709 ne
469 2646 568 2709 nimis
592 2645 734 2723 amplum
752 2663 869 2709 munus
886 2646 1101 2728 susciperem,
1116 2645 1234 2710 deinde
1258 2636 1463 2725 nequaquam

294 2754 410 2831 aequis
435 2752 687 2816 condicionibus
715 2753 890 2830 utriusque
920 2753 1022 2830 spatii
1053 2761 1171 2831 poetas
1204 2754 1352 2817 dramata
1378 2772 1463 2816 com-

294 2860 446 2938 posuisse
482 2855 658 2939 oonstat1),
692 2866 739 2941 ut,
777 2859 806 2922 si
841 2860 916 2938 quis
952 2868 1128 2938 utrumque
1162 2867 1370 2924 tractaturus
1407 2861 1463 2942 sit,

293 2968 393 3045 longe
429 2966 527 3029 aliam
564 2965 603 3029 de
639 2966 689 3029 rei
724 2966 878 3044 publicae
910 2966 1037 3029 liberae
1073 2975 1173 3044 atque
1210 2965 1250 3030 de
1283 2966 1461 3030 Caesarum

294 3072 426 3150 imperii
460 3072 570 3149 poetis
602 3073 767 3136 rationem
798 3072 978 3136 instituere
1004 3071 1132 3136 debeat.
1181 3075 1291 3150 Atque
1317 3073 1461 3136 utillud

292 3179 501 3258 potissimum
527 3179 669 3255 spatium
696 3178 869 3259 eligerem,
886 3179 1023 3259 monuit,
1050 3177 1135 3256 quod
1152 3178 1273 3242 Graeci
1292 3180 1462 3243 cuiusdam

292 3287 417 3366 tragici
442 3294 560 3363 poetae
586 3284 671 3362 apud
701 3285 867 3349 Romanos
898 3285 1045 3364 vestigia
1080 3304 1243 3364 qrraerens
1273 3294 1364 3350 certe
1396 3306 1463 3350 non

292 3396 333 3458 ab
369 3395 428 3457 illo
462 3400 626 3456 momento
672 3393 804 3456 initium
841 3392 953 3457 facere
986 3393 1159 3474 debebam,
1196 3394 1252 3456 ubi
1286 3394 1463 3472 tragoedia

291 3502 440 3565 Romana
473 3500 567 3577 longi
599 3501 760 3577 temporis
790 3501 1034 3564 exercitatione
1064 3507 1098 3564 et
1129 3518 1190 3563 usu
1223 3499 1342 3564 idonea
1373 3500 1463 3566 facta

291 3615 374 3687 erat,
400 3608 606 3685 quaerebas
630 3606 764 3670 aliunde
789 3606 919 3670 haustis
943 3607 1114 3685 proprium
1137 3606 1297 3684 quendam
1316 3607 1461 3672 colorem

291 3713 455 3794 indueret,
481 3713 538 3776 sed
563 3714 603 3776 ab
629 3714 700 3794 illo,
727 3715 783 3777 ubi
807 3731 871 3777 non
897 3711 1103 3795 domesticis
1128 3713 1185 3777 sed
1211 3713 1295 3777 solis
1322 3694 1462 3778 Graecis

291 3821 451 3899 exemplis
475 3821 540 3884 niti
564 3827 708 3897 poterat.

397 3926 461 3991 Sed
485 3945 526 3990 ne
551 3927 645 3991 illius
670 3926 801 4005 quidem
827 3927 928 4004 spatii
954 3944 1066 3990 omnes
1091 3934 1208 4004 poetas
1232 3929 1292 3991 sub
1323 3946 1461 3992 examen

289 4052 411 4099 vocare
447 4035 527 4097 mihi
571 4034 684 4115 licuit,
719 4033 982 4112 quandoquidem
1023 4035 1256 4098 nonnullorum
1300 4037 1461 4100 memoria

397 4156 424 4224 1)
450 4155 484 4210 el.
513 4155 614 4223 Lange.
654 4154 812 4221 „vindiciae
837 4155 996 4224 tragoediae
1023 4155 1186 4210 Romanae.“
1215 4155 1286 4222 Lips.
1313 4156 1389 4222 1822,
1413 4155 1460 4210 ubi

287 4244 391 4312 legitur
416 4261 478 4314 pag.
500 4246 545 4298 17:
571 4244 620 4311 „Iu
644 4244 795 4311 antiquiore
821 4245 964 4314 tragoedia
986 4245 1079 4299 rudior
1105 4245 1235 4314 gravitas,
1260 4243 1288 4297 in
1313 4244 1461 4299 recentiore

287 4334 392 4387 doctior
411 4333 557 4402 elegantia,
583 4335 611 4387 in
637 4333 754 4388 numeris
780 4334 860 4388 etiam
886 4333 1037 4402 conspicua,
1063 4334 1111 4388 illa
1136 4333 1241 4401 populo,
1260 4333 1327 4386 baec
1346 4333 1461 4387 eruditis

287 4424 375 4492 megia
393 4424 503 4492 placuit,
528 4423 576 4477 illa
603 4423 631 4476 in
655 4423 777 4488 theatris,
807 4423 872 4478 haec
898 4424 926 4478 in
951 4423 1118 4478 oonsesdbus
1143 4423 1277 4504 bominum
1304 4421 1460 4489 politiorum
1503 4435 1508 4442 ·

287 4510 431 4580 frequenta
463 4514 487 4568 .“
