3208 5080
7 4323 17 4416 l

626 442 843 504 ...73...

666 630 804 700 Tereus.

259 742 308 806 De
345 742 482 824 duabus
519 761 603 821 quae
641 742 680 806 de
704 744 804 807 Terei
840 744 941 807 rebus
977 743 1085 822 gestis
1122 743 1327 822 ferebantur,

157 849 368 914 versionibus
392 851 496 915 verba
519 850 668 930 fecimus
694 850 750 913 ubi
775 849 814 913 de
839 850 929 914 Livii
954 850 1060 913 Tereo
1086 848 1328 927 disputavimus

152 954 208 1036 (ci.
233 975 308 1037 pag.
331 955 406 1038 14.).
456 957 538 1022 Utra
561 957 679 1020 redeat
703 955 789 1034 apud
813 957 950 1020 Accium
975 963 1122 1020 testatur
1147 956 1187 1019 fr.
1211 956 1282 1020 llI:

245 1113 248 1118 .
314 1083 352 1144 „o
378 1081 512 1129 suavem
538 1063 673 1141 linguae
691 1063 852 1128 sonitum!
878 1063 1059 1128 odulcitas
1077 1063 1325 1140 conspirantum

1158 1168 1326 1234 animae!“

154 1294 217 1353 quo
243 1278 316 1341 eum
339 1277 496 1358 neglecta
520 1277 611 1342 Livii
634 1278 748 1341 fabula
771 1276 811 1340 ad
837 1276 950 1341 Ovidii
975 1275 1067 1356 (Met.
1086 1277 1143 1358 VI,
1160 1281 1224 1340 412
1243 1279 1328 1354 sqq.)

151 1384 377 1448 narrationem
403 1386 585 1449 accessisse
611 1385 775 1449 certiores
792 1384 896 1448 fimus.
937 1387 1048 1462 Atque
1066 1385 1237 1461 conspirat
1254 1402 1326 1447 cum

153 1492 299 1555 Acciano
325 1492 500 1570 Sophoclis
528 1486 664 1573 Τηρεύς,
690 1490 731 1555 cf.
758 1491 900 1555 Aristot.
926 1490 1006 1571 περὶ
1031 1491 1328 1572 normanicam:

315 1594 369 1678 „dv
391 1601 436 1682 aqi
458 1596 664 1679 Σοφοκλέους
691 1601 796 1679 Τηρεῖ
816 1588 835 1678 ἡ
859 1596 914 1679 τῆς
938 1595 1083 1678 κερκίδος
1106 1591 1230 1679 φωνήίί.

258 1706 336 1768 Iure
360 1714 470 1770 autem
486 1707 703 1775 Ribbech1)
730 1711 842 1768 monet
864 1704 976 1768 addito
996 1705 1173 1782 Sophoclis
1199 1691 1329 1768 nomine

157 1812 267 1875 evinci
291 1811 396 1875 inisse
422 1811 569 1876 Graecos
593 1819 728 1894 poetas,
754 1814 810 1892 qui
837 1813 921 1876 hanc
944 1812 1117 1876 materiem
1142 1819 1330 1876 tractantes

154 1916 254 1982 aliam
284 1911 499 1997 οἷοογνοὶριοιν
529 1920 757 1984 instituerent.
811 1921 881 1984 Iam
907 1919 1061 1998 quoniam
1086 1927 1120 1981 et
1144 1919 1327 1996 Sophocles

154 2031 188 2088 et
213 2025 335 2088 Accius
366 2024 501 2088 candem
538 2026 624 2090 viam
659 2027 804 2105 ingressi
841 2034 935 2107 sunt,
960 2026 1054 2090 illum
1080 2026 1179 2089 huius
1203 2025 1328 2089 fontem

154 2130 258 2194 fuisse
294 2131 481 2196 verisimile
517 2139 578 2196 est.
628 2131 714 2213 Quin
750 2133 850 2196 etiam
888 2132 974 2196 haud
1010 2133 1081 2196 scio
1119 2151 1160 2195 an
1192 2132 1328 2210 longius

154 2239 328 2316 progressi
364 2256 424 2316 pro
461 2246 559 2302 certo
595 2238 762 2303 affirmare
798 2239 964 2317 possimus
989 2238 1185 2317 Sophoclem
1222 2239 1329 2302 Accio

156 2345 306 2422 exemplo
328 2343 443 2423 fuisse,
468 2345 542 2409 dum
560 2345 778 2409 Aristotelem
804 2365 867 2409 uno
885 2346 1049 2423 Sophocle
1067 2346 1235 2410 nominato
1253 2364 1325 2409 enm

155 2469 253 2514 unum
271 2451 368 2515 huius
387 2452 552 2517 versionis
569 2453 735 2530 tragicum
748 2460 919 2516 auctorem
933 2453 1142 2532 significasse
1155 2471 1324 2530 ponamus.

663 2750 821 2819 Alcestis.

261 2896 299 2960 G.
318 2894 569 2979 Hermam),
587 2899 640 2960 cui
658 2899 758 2961 etiam
776 2895 993 2981 Ribbeck³)
1011 2899 1170 2962 assentiri
1182 2898 1327 2978 videtur,

156 3003 340 3084 Phrynichi
370 3002 574 3067 Alcestidem
606 3005 647 3068 ab
678 3005 782 3068 Accio
819 3022 1008 3081 expressam
1043 3023 1115 3069 esse
1147 3005 1327 3069 existimat.

157 3111 260 3191 Quam
292 3111 492 3175 sententiam
517 3119 554 3175 ut
579 3113 798 3193 comprobem,
823 3111 961 3176 multum
986 3113 1091 3176 abest.
1138 3112 1217 3176 Iure
1242 3113 1328 3176 enim

157 3216 378 3295 Welcker⁴l
396 3216 558 3281 credibile
575 3236 640 3280 non
657 3236 730 3282 esse
747 3218 986 3284 animadvertit
1001 3219 1184 3283 Romanum
1197 3227 1328 3297 poetam

157 3325 326 3388 obsoletas
350 3323 535 3403 Phrynichi
567 3323 716 3406 fabulas,
742 3344 825 3404 quae
851 3325 1046 3403 imperfecta
1071 3334 1144 3390 arte
1170 3333 1204 3390 et
1226 3326 1329 3390 nimia

158 3431 338 3495 carminum
374 3430 577 3496 abundantia
601 3432 742 3496 idoneae
767 3452 830 3496 non
856 3441 979 3514 essent,
1005 3452 1088 3511 quae
1112 3441 1328 3499 verterentur

157 3539 322 3603 imitatum
347 3557 431 3603 esse.
471 3539 519 3603 Ne
538 3539 693 3618 Euripidi
719 3540 851 3619 quidem
868 3558 903 3604 sc
922 3541 1126 3618 applicuisse
1144 3541 1328 3606 credendus

157 3652 218 3709 est.
266 3645 346 3709 Nam
376 3665 448 3710 eum
474 3645 647 3725 Euripidis
672 3647 819 3711 Alcestis
852 3648 997 3727 satyrici
1029 3647 1188 3712 dramatis
1221 3647 1329 3712 locum

157 3752 311 3817 obtinens
324 3771 442 3819 severo
456 3753 659 3832 aliquotiens
671 3753 867 3832 tragoediae
878 3772 970 3818 more
982 3755 1103 3819 relicto
1115 3754 1329 3819 ludibundum

158 3867 192 3924 et
231 3860 353 3925 laetum
394 3878 499 3938 genus
538 3861 741 3940 attingeret,
782 3861 905 3925 Accius
945 3862 1097 3940 tragicus
1122 3871 1221 3940 poeta
1246 3863 1329 3928 hanc

158 4039 366 4047 ——a--ss

266 4144 291 4213 l)
311 4143 328 4196 l.
348 4142 365 4197 l.
385 4145 505 4213 pop-39.

264 4233 292 4296 2)
310 4231 382 4286 Edit.
403 4231 502 4286 Alcest.
521 4231 586 4287 Eur.
606 4245 720 4300 prooem.
740 4247 802 4300 pag.
819 4231 891 4288 XVI.

264 4327 291 4390 3)
311 4322 329 4377 l.
348 4323 365 4376 l.
384 4336 448 4391 pag.
468 4323 529 4377 obl.

263 4413 290 4478 3)
307 4412 325 4469 l.
344 4413 361 4467 l.
381 4427 437 4488 pag
455 4411 507 4467 alc
528 4426 584 4482 sqq.
