3208 5080
648 357 866 415 *11—

169 538 401 608 argumentum
420 530 493 594 sine
511 528 871 608 dubioAgamemnonis
890 529 1024 593 caedem
1042 529 1147 593 inisse
1166 529 1350 608 existimat,

172 636 259 714 quod
284 636 440 716 Aegisthi
458 644 598 700 mortem
616 637 798 714 Sophocles
814 637 953 700 Electra
970 635 1177 715 depinxerat.
1211 635 1345 700 Oblitus

170 761 249 807 sane
290 751 342 806 est
378 744 478 807 etiarn
521 743 617 807 Atrei
657 751 796 807 mortem
833 743 874 806 ab
915 743 1079 820 Aegistho
1121 751 1155 807 et
1195 743 1343 822 Thyeste

171 857 335 930 patratam
361 851 504 929 perbene
529 851 589 913 illo
616 849 763 914 dramate
788 850 929 928 proponi
954 851 1115 928 potuisse:
1126 841 1134 872 ¹
1162 848 1345 913 Refntatur

167 958 230 1020 hoc
243 957 386 1038 quidem,
405 956 578 1020 dummodo
599 957 742 1037 Θυέστης
759 949 909 1037 δεύτερος
926 956 978 1019 bis
1003 957 1043 1019 ab
1061 955 1231 1035 Hesychio
1257 975 1343 1019 com-

166 1071 370 1127 memoratus
406 1063 635 1142 segregandus
671 1064 717 1126 sit
753 1082 772 1126 a
807 1063 921 1126 fabula
958 1081 1007 1143 ea,
1044 1081 1128 1140 quae
1159 1063 1344 1127 vocabatur

168 1171 312 1250 Θυέστης
337 1165 372 1230 ἐν
396 1171 556 1248 §tuomum
582 1188 646 1248 quo
680 1171 821 1248 probato
851 1170 1040 1246 ambiguum
1072 1169 1130 1233 vix
1159 1176 1229 1250 est,
1264 1171 1345 1247 quin

164 1278 330 1356 'l‘hyestes
356 1276 520 1341 secundus
545 1277 642 1340 Atrei
668 1276 800 1340 caedem
826 1277 1031 1355 praebuerit.

200 1381 202 1386 ’
272 1385 348 1448 dam
374 1382 637 1461 quandoquidem
662 1383 775 1446 eadem
801 1383 954 1461 quaestio
980 1382 1019 1445 de
1044 1383 1192 1462 'lhyeste
1216 1383 1340 1446 fabulis

163 1491 363 1570 Sophocleis
399 1490 505 1553 denuo
548 1491 693 1572 orietur,
727 1492 784 1555 ubi
821 1490 860 1553 de
896 1489 992 1553 Accii
1027 1489 1199 1569 Pelopidis
1235 1492 1339 1555 verba

162 1596 323 1663 faciemus
349 1598 404 1680 (cf.
430 1614 504 1677 pag.
522 1603 610 1679 1111,
636 1614 758 1677 operae
782 1599 927 1677 pretium
952 1605 1004 1661 est
1028 1598 1219 1678 exquirere,
1261 1597 1341 1676 quid

162 1707 202 1770 de
228 1706 298 1770 illis
323 1705 534 1770 statuendum
559 1707 615 1769 sit.
663 1707 773 1784 Atque
805 1702 1034 1786 Welcker1)
1066 1704 1197 1782 quidem
1229 1704 1339 1784 splen-

162 1812 334 1876 didissime
358 1820 392 1876 et
416 1814 633 1891 sagacissime
665 1812 819 1892 contulit,
852 1830 1077 1890 quaecumque
1106 1810 1186 1874 illos
1215 1811 1335 1875 titulos

169 1919 209 1982 ad
246 1919 380 1984 diversa
415 1919 565 1984 dramata
600 1919 722 1983 referri
758 1926 891 1984 vetant:
938 1918 1056 1983 Potuit
1092 1917 1159 1981 dici
1191 1911 1343 1999 δεύτερος

168 2027 332 2106 Thyestes
357 2027 479 2090 iterum
504 2027 538 2090 in
562 2045 693 2090 scenam
718 2026 912 2106 productus
937 2026 1048 2105 potuit
1072 2026 1173 2089 etiam
1200 2026 1342 2106 Θυέστης
1434 2065 1437 2073 .

168 2128 204 2192 έν
239 2129 379 2193 Σικυῶνι
410 2134 459 2197 sic
484 2134 610 2213 vocari,
636 2141 672 2197 ut
697 2133 965 2210 distingueretur
989 2134 1029 2196 ab
1054 2135 1229 2212 Atreo²)‚
1244 2150 1339 2210 quam

167 2241 269 2304 etiam
295 2242 442 2321 Θυέστην
467 2241 653 2304 inscribere
679 2241 804 2304 licebat
828 2241 948 2320 (neque
975 2238 1153 2303 defuerunt
1170 2240 1227 2318 qui
1241 2239 1339 2303 Atrei

166 2355 399 2422 argumentum
429 2353 619 2411 tractantes
647 2346 792 2410 fabulam
822 2365 887 2411 non
916 2348 1037 2427 Atrea,
1069 2346 1127 2410 sed
1159 2347 1337 2426 Thyestem

166 2454 399 2533 appellarent).
447 2453 485 2518 Id
511 2472 641 2532 quoque
667 2453 898 2518 difficultatem
923 2454 1073 2534 praebet,
1108 2453 1194 2532 quod
1226 2452 1338 2517 decies

166 2569 286 2638 quater
310 2562 437 2640 legitur
461 2562 550 2625 inter
574 2560 764 2641 fragmenta
787 2559 955 2642 Σοφοκλῆς
985 2562 1111 2646 Θυέστη
1142 2562 1196 2626 vel
1231 2567 1335 2642 Σοφο-

165 2664 278 2736 κλέους
292 2668 429 2752 Θυέστη,
448 2676 493 2748 υτ,
512 2667 675 2746 siquidem
693 2669 776 2732 duae
793 2669 930 2733 luerunt
947 2669 986 2732 de
1000 2670 1147 2749 Thyeste
1161 2668 1336 2749 Sophoclis

163 2772 308 2855 fabulae,
323 2774 489 2839 dubitatio
515 2775 570 2858 sit,
595 2775 636 2838 ad
661 2783 767 2839 utram
793 2776 938 2840 fabulam
962 2776 1139 2840 referenda
1163 2777 1231 2840 sint
1254 2777 1336 2840 haec

162 2880 362 2961 fragmenta.
410 2882 536 2945 Addam
567 2867 675 2946 locum
715 2883 835 2946 Dionis
865 2883 1095 2963 Chrysostomi
1128 2886 1183 2962 (66
1216 2884 1282 2949 vol.
1307 2885 1334 2964 Ι,

163 3003 237 3067 pag.
256 2994 330 3069 221,
356 2989 405 3052 ed.
432 2990 555 3069 Dind.)‚
581 2990 635 3069 qui
661 2991 772 3068 magni
797 2990 878 3052 mihi
904 3008 977 3054 esse
1002 2991 1135 3055 videtur
1166 2991 1333 3055 momenti.

163 3096 246 3159 Sunt
269 3105 378 3160 autem
404 3097 487 3160 haec
511 3099 628 3163 verba:

230 3253 244 3282 „
258 3193 333 3264 ‘ba
360 3201 422 3280 μὲν
454 3196 513 3285 γὰρ
542 3197 594 3264 διὰ
627 3206 766 3280 χρυσοῦν
799 3199 969 3285 πρόβατον
1002 3197 1185 3267 ἀνάστατον
1215 3208 1333 3288 συνέβη

159 3311 312 3384 γενέσθαι
342 3304 541 3393 τηλικαύτην
575 3304 682 3370 οἰκίαν
713 3303 771 3391 τὴν
804 3309 957 3380 Πέλοπος
982 3307 1013 3371 οἱ
1036 3312 1198 3396 τραγῳδοί
1220 3330 1330 3393 φασιν.

158 3415 213 3476 καὶ
248 3409 415 3500 κατεκόπη
450 3413 512 3495 μὲν
535 3412 575 3479 τά
611 3417 671 3478 τοῦ
698 3418 843 3478 Θυέστου
875 3421 982 3500 τέκνα,
1011 3421 1052 3504 τῇ
1076 3418 1229 3502 Πελοπίᾳ
1254 3414 1331 3482 did

157 3515 266 3604 πατὴρ
291 3519 413 3606 ἐμίχθη
444 3524 498 3586 καὶ
525 3519 583 3586 τὸν
612 3521 768 3603 Αἴγισθον
792 3519 960 3607 ἔσπειρεν
986 3509 1079 3595 οὗτος
1101 3520 1131 3588 δ’
1154 3520 1330 3589 ἀπέκτεινε

156 3622 325 3706 μὲνμετὰ
358 3633 413 3714 τῆς
445 3625 734 3714 Κλυταιμνήστρας
762 3624 819 3693 τὸν
844 3623 1074 3716 Ἀγαμέμνονα,
1099 3628 1157 3695 τὸν
1186 3639 1330 3714 ποιμένα

155 3737 220 3795 τῶν
249 3726 395 3820 Ἀχαιῶν,
426 3733 581 3821 κάκείνην
620 3732 767 3819 Ὀρέστης
801 3731 817 3799 ὁ
850 3733 932 3820 υἱός,
972 3740 1028 3800 καὶ
1059 3742 1157 3801 τοῦτο
1191 3735 1330 3824 ποιήσας

157 3836 257 3912 εὐθὺς
286 3839 449 3922 ἐμαίνετο.
481 3839 610 3914 τούτοις
639 3843 673 3906 δὲ
704 3840 762 3905 οὐκ
796 3840 887 3918 ἄξιον
918 3836 1080 3929 α’πιστελν,
1104 3839 1127 3908 οἳ
1150 3851 1329 3928 γέγραπται

155 3944 218 4024 μὲν
242 3941 301 4026 οὐχ
326 3943 392 4011 ὑπὸ
416 3955 482 4012 τοῖν
504 3947 670 4027 τευχόντων
686 3946 826 4034 dordonia,
845 3948 1025 4035 Εὐριπίδου
1041 3955 1096 4016 καὶ
1111 3952 1327 4036 Σοφοκλέους,

154 4053 281 4131 λέγεται
305 4055 340 4118 δὲ
364 4052 400 4117 έν
423 4060 530 4135 μέσοις
553 4063 621 4126 τοῖς
644 4054 801 4140 θεάτροις
818 4109 929 4123 .....
934 4059 953 4087 “

262 4198 273 4251 l
307 4197 325 4252 1.
356 4239 361 4252 .
400 4197 526 4252 ο.366.

259 4200 288 4350 {d
307 4197 462 4352 Qdidphdee
481 4287 622 4356 tragoedia
640 4264 811 4358 continuerit,
831 4289 919 4345 elucet
937 4305 952 4344 o
970 4290 1159 4352 dissertatione
1178 4307 1219 4358 111,
1247 4307 1325 4364 quam

153 4372 258 4428 institui
278 4375 310 4429 de
328 4378 412 4431 Atreo
432 4375 551 4430 Acciauo
570 4376 615 4444 (cf.
636 4394 698 4448 pag.
719 4381 790 4444 108).
