3208 5080
794 407 1014 468 „56-

418 599 608 683 ,,Σοφοκλῆς
632 602 711 678 γοῦν
735 593 770 661 ἐν
792 602 832 685 τῇ
855 591 972 662 ἁλώσει
996 600 1055 662 τοῦ
1072 593 1172 662 Ἰλίοο
1197 598 1388 681 παρδαλέαν
1410 600 1487 684 φησί

313 702 380 789 πρὸ
405 710 460 792 τῆς
483 703 592 790 θο’ρας
614 711 673 770 τοῦ
696 703 880 791 Ἀντήνορος
904 711 1113 790 προτεθῆναι
1128 703 1294 788 σίμβολον
1310 710 1369 770 τοῦ
1385 700 1488 788 ἅπόρ-

313 819 418 898 θηνον
443 812 586 899 ἐαθίγναι
615 809 675 901 τὴν
705 813 819 879 οἰκίαν·
856 805 914 878 τὸν
947 814 1010 894 μὲν
1039 795 1097 877 οὖν
1126 809 1295 899 Ἀντήνορα
1330 817 1386 877 καὶ
1414 811 1490 886 roric

312 925 433 994 παῖδας
463 917 546 1002 μετὰ
581 924 647 984 τῶν
680 925 991 1004 παραγενομένωνῐ)
1025 915 1165 985 ‘Eversio
1194 919 1239 994 εἰς
1266 919 1326 1008 τὴν
1356 920 1489 1008 Θρᾴκην

318 1032 557 1114 περισωθῆναι·
590 1024 747 1093 κοίκεῑθεν
775 1031 943 1093 διαπεσεῖν
972 1028 1016 1101 εἰς
1039 1025 1099 1112 τὴν
1122 1029 1300 1113 λεγομένην
1325 1027 1407 1094 κατὰ
1432 1028 1491 1094 τὸν

311 1133 436 1220 Ἀδρίαν
464 1131 642 1222 Ἕνετικήν·
680 1131 738 1200 τὸν
770 1136 805 1200 δὲ
835 1133 966 1200 Αἰνείαν
999 1131 1072 1216 μετ’
1102 1130 1239 1216 Ἀγχίσου
1272 1141 1332 1200 τοῦ
1365 1133 1491 1222 πατρὸς

312 1247 366 1308 καὶ
396 1248 456 1308 τοῦ
486 1238 603 1316 παιδὸς
635 1240 797 1308 Ἀσκανίον
831 1240 912 1308 λαὸν
948 1237 1153 1326 ἀθροίσαντα
1187 1246 1339 1308 πλεῦσαι·
1375 1247 1428 1310 καὶ
1456 1244 1491 1308 οἱ

312 1353 373 1434 μὲν
398 1351 525 1438 οἰκῆσαι
549 1353 629 1435 περὶ
652 1346 710 1414 τὸν
737 1348 969 1415 Μακεδονικὸν
989 1348 1168 1432 Ὄλυμπόν
1192 1369 1291 1435 φασιν
1316 1406 1408 1419 .....
1424 1365 1490 1420 ete.

419 1462 543 1526 Narrat
580 1463 690 1526 omnia
725 1462 806 1525 hacc
843 1462 974 1543 Strabo,
1010 1470 1047 1526 ut
1083 1461 1248 1528 diversam
1292 1462 1332 1527 de
1375 1465 1491 1528 Aenea

317 1570 508 1634 memoriam
545 1577 701 1647 exponat.
758 1570 879 1633 Verum
912 1578 1024 1633 tamen
1051 1570 1304 1635 accuratissime
1341 1577 1489 1649 enarrat,

315 1676 393 1755 quid
426 1677 529 1740 sortis
565 1677 727 1740 Antenori
762 1677 899 1754 eiusque
933 1677 1012 1740 filiis
1051 1677 1153 1740 'Proia
1185 1685 1282 1754 capta
1314 1677 1489 1753 obtigerit.

312 1784 351 1850 Id
391 1792 500 1848 autem
541 1802 613 1848 eum
653 1784 819 1848 iacturum
858 1803 922 1847 uon
959 1783 1063 1848 fuisse
1100 1784 1210 1865 credo,
1247 1786 1276 1848 si
1313 1785 1490 1862 Sophoclis

313 1892 458 1956 fabulam
483 1892 548 1955 sibi
572 1892 804 1968 proposuisset
828 1909 909 1973 eam,
940 1909 1023 1969 quae
1049 1892 1213 1956 Antenori
1237 1911 1302 1956 non
1327 1893 1490 1968 gravissi·

313 2019 381 2064 mas
418 2005 531 2078 partes
568 2000 781 2063 attribueret.
833 1999 905 2062 Non
942 1999 1049 2077 igitur
1084 2001 1251 2064 assentior
1287 2001 1489 2078 Iacobsi01),

314 2109 369 2186 qui
388 2109 523 2172 Aiacem
541 2107 683 2170 Locrum
702 2107 876 2171 Strabonis
894 2107 1079 2183 exemplum
1103 2106 1208 2170 fuisse
1226 2108 1289 2170 sibi
1308 2108 1489 2185 persuasit,

272 2291 275 2296 ¹
314 2215 400 2293 quod
437 2216 610 2293 pantheris
647 2215 767 2292 pellem
804 2214 850 2277 ibi
886 2215 1136 2278 commemorari
1172 2221 1341 2278 testantur
1378 2213 1488 2277 Schol.

315 2325 418 2387 Arist.
439 2325 498 2388 Av.
516 2341 547 2387 v.
566 2324 639 2384 934.
687 2321 793 2384 Multo
820 2320 1038 2385 verisimilius
1063 2320 1238 2385 Strabonis
1261 2321 1488 2384 narrationem

315 2429 490 2508 Sophoclis
509 2427 726 2492 Antenoridis
743 2426 997 2505 vindicabimus
1023 2427 1142 2506 quibus
1167 2427 1250 2491 solis
1270 2428 1359 2493 inter
1377 2447 1491 2492 omncs

313 2536 445 2600 fabulas
463 2536 665 2614 Sophocleas
690 2536 786 2599 nobis
803 2542 900 2598 notas
918 2533 999 2598 adeo
1018 2542 1204 2613 urguentur
1221 2533 1291 2598 fata
1308 2535 1491 2599 Antenoris
1581 2525 1582 2530 ’

315 2652 349 2706 et
384 2641 566 2720 suorumll,
603 2650 640 2705 ut
664 2643 839 2705 Strabonis
875 2643 1068 2705 testimonio
1105 2642 1272 2719 postulari
1308 2639 1491 2724 videtur4).

313 2750 382 2813 Iam
409 2750 632 2828 exquiramus,
658 2767 741 2826 quae
765 2749 854 2813 ratio
880 2748 1068 2813 intercedat
1092 2749 1182 2813 inter
1207 2749 1290 2812 hanc
1314 2748 1492 2826 Sophoclis

314 2856 461 2920 fabulam
493 2864 527 2919 et
553 2856 648 2919 Accii
673 2855 906 2920 Antenoridas.
960 2858 1071 2933 Atque
1095 2856 1181 2919 nihil
1207 2854 1337 2933 quidem
1362 2856 1492 2921 inveni-

317 2982 398 3044 mus,
424 2963 510 3042 quod
536 2963 706 3042 cognitum
731 2962 770 3026 de
797 2962 961 3039 Sophocle
985 2962 1103 3026 redeat
1127 2962 1213 3039 apud
1231 2962 1377 3026 Accium.
1427 2962 1493 3026 Sed

427 3245 454 3314 1)
474 3244 700 3319 περιγενομένων
719 3243 866 3298 Melnecke.

423 3335 451 3394 2]
471 3335 575 3388 Ttnetz.
595 3332 739 3387 Antehom.
760 3334 820 3388 743.

423 3426 451 3488 3)
471 3424 531 3476 Νον
560 3422 701 3491 comprobo
720 3424 751 3476 A.
772 3421 932 3476 Schoellium
952 3421 1129 3490 (‚.Beitrhge“
1149 3424 1221 3487 ete),
1249 3422 1293 3488 qui
1314 3421 1377 3476 inde
1395 3438 1411 3475 a
1430 3438 1494 3490 pag.

317 3514 378 3568 437.
408 3513 531 3568 evincere
559 3513 663 3566 studuit
684 3512 863 3566 Antenoridas
883 3510 1021 3578 Sophoclis
1049 3511 1167 3564 fabulam
1196 3511 1361 3564 referendam
1381 3526 1441 3565 esse
1461 3512 1495 3564 ad

318 3602 411 3656 iliadis
431 3603 527 3656 librum
547 3603 603 3667 XI,
621 3601 668 3655 ubi
686 3602 739 3655 duo
759 3601 940 3654 Antenoridae
960 3601 1169 3668 Agamemnonis
1192 3600 1315 3654 manibus
1335 3601 1495 3655 caeduntur.

319 3693 380 3760 Ipsa
411 3692 480 3746 enim
509 3693 552 3744 vir
570 3691 740 3746 doctissimus
760 3689 838 3743 nimis
858 3690 926 3744 exile
944 3695 1134 3758 argumentum
1153 3689 1200 3743 illo
1219 3690 1276 3743 loco
1296 3689 1414 3744 exhiberi
1433 3705 1497 3744 con-

319 3781 391 3837 cedit
410 3797 497 3848 neque
517 3779 646 3834 elabimur
665 3796 697 3835 ex
716 3779 757 3832 his
776 3779 919 3848 augustiis,
940 3779 963 3833 si
982 3779 1113 3833 Schoellio
1133 3779 1198 3833 duce
1211 3780 1393 3834 Antenoridas
1413 3780 1495 3834 etiam

319 3871 346 3924 id
374 3871 538 3925 continuisse
566 3869 718 3937 statuimus,
748 3869 817 3936 quod
845 3871 915 3924 inter
943 3868 1017 3923 Accii
1045 3868 1151 3922 fabarias
1169 3869 1363 3938 Nyctegresiae
1391 3869 1497 3923 nomine

320 3965 446 4014 ornatum
465 3961 608 4013 invenitur.
635 3959 704 4026 Quid
723 3959 791 4013 euim
809 3958 951 4027 lucramur,
971 3958 994 4012 si
1007 3958 1187 4026 suspicionem
1200 3957 1330 4012 infirmam
1344 3957 1496 4026 suspicione

320 4067 373 4104 non
402 4050 489 4103 minos
517 4048 622 4102 infirma
650 4048 795 4103 fulcimus?
832 4048 969 4103 Habemus
988 4063 1051 4103 vero
1075 4048 1143 4101 satis
1162 4047 1278 4116 amplum
1297 4054 1497 4116 argumentum,

321 4140 392 4206 qrrod
405 4139 580 4193 Antenoridis
605 4138 743 4206 Sophoclis
775 4137 967 4205 impertiamus,
1004 4139 1032 4191 in
1070 4139 1128 4205 ipsa
1158 4137 1255 4191 Troiae
1287 4139 1497 4206 expugnatione.

321 4229 375 4281 Cur
393 4228 545 4282 dubitemus
564 4229 616 4281 huc
634 4226 771 4296 Sophoclis
790 4225 909 4280 fabulam
927 4226 1051 4282 referre?

428 4319 458 4372 tl
477 4310 593 4390 Ἑλένης
614 4306 766 4389 ancirana,
785 4315 832 4369 ubi
852 4315 974 4369 Antenor
993 4316 1126 4383 aliquanti
1146 4315 1273 4370 momenti
1294 4320 1335 4369 est
1354 4314 1398 4384 (ei.
1419 4315 1499 4370 iliad.

322 4408 445 4474 111,205
465 4411 543 4474 soa),
563 4406 716 4474 argumenti
736 4406 759 4458 si
778 4404 849 4459 ratio
870 4404 992 4471 habetur,
1013 4405 1065 4458 huo
1083 4421 1137 4459 non
1157 4404 1238 4460 cadit.
