3208 5080
611 437 651 444 --
701 401 740 468 ao
790 431 841 479 -a,

128 597 263 664 favebat
296 607 330 663 et
360 598 581 676 fragmentum
614 599 646 662 X
678 598 765 663 haud
798 599 868 662 scio
900 617 941 662 an
971 597 1010 662 ad
1036 599 1176 663 aliorum
1203 605 1305 676 opera
1365 681 1366 684 Ἴ

129 708 261 786 tragica
285 713 405 774 avocet
428 713 463 770 et
485 707 618 787 Accius,
644 725 739 786 quem
764 706 925 786 Aeschyli
943 707 1118 770 Armorum
1144 705 1304 769 iudicium

127 821 161 878 et
216 814 392 892 Sophoclis
442 815 577 878 Aiacem
636 815 879 878 contaminasse
930 812 1018 877 iufra
1064 814 1305 890 explicabimus

88 1001 90 1005 ,
129 922 187 986 vix
211 922 309 999 plane
341 921 475 985 eandem
502 921 717 1000 componendi
741 921 905 985 rationem
929 920 1102 998 ingressus
1127 928 1303 999 astatque

130 1029 307 1095 Pacuvius.

236 1136 319 1199 Num
336 1137 504 1201 Pacuvius
521 1136 610 1199 Livii
633 1144 666 1200 et
683 1135 785 1200 Ennii
803 1135 938 1199 Aiacem
955 1135 1157 1216 respexerit,
1182 1135 1305 1213 quique

126 1243 216 1306 iuter
240 1243 300 1306 has
324 1242 454 1308 fabulas
480 1261 625 1307 conexus
649 1242 763 1323 fuerit,
788 1242 822 1305 in
848 1241 947 1307 dubio
973 1252 1034 1307 est.

236 1350 273 1412 lu
306 1351 421 1428 priore
446 1358 555 1414 autem
580 1352 755 1415 Armorum
784 1338 902 1415 iudicii
927 1359 1023 1428 parte
1047 1369 1112 1413 non
1137 1351 1306 1430 habemus

128 1475 187 1521 cur
213 1457 415 1536 Aeschylum
450 1465 620 1521 auctorem
652 1456 756 1522 tuisse
790 1476 959 1537 negemus.
1008 1457 1196 1538 Osanni¹)
1221 1457 1307 1521 1111111

130 1565 307 1643 sententia,
326 1565 382 1642 qui
396 1564 613 1642 Sophocleam
628 1564 788 1642 quandam
805 1564 960 1645 fabulam,
979 1565 1073 1628 cuius
1090 1565 1211 1628 titulus
1228 1583 1306 1628 casu

128 1671 333 1750 interiisset,
359 1672 543 1749 exemplum
569 1670 673 1736 fuisse
698 1673 804 1750 priori
829 1673 969 1738 Pacuvii
992 1672 1189 1752 tragoediae
1214 1673 1303 1751 parti

126 1778 192 1842 sibi
233 1779 418 1858 persuasit,
455 1796 561 1857 neque
597 1780 838 1858 probabilitate
864 1778 1056 1844 defenditur
1091 1797 1198 1858 neque
1233 1779 1303 1842 ullo

125 1886 321 1950 testimonio
346 1884 496 1951 fulcitur.
1005 1899 1007 1903 ’

641 2026 781 2094 Teucer.

230 2153 386 2217 Fluxisse
443 2155 527 2218 banc
582 2155 789 2234 tragoediam
847 2173 887 2218 ex
941 2155 1116 2233 Sophoclis
1170 2156 1299 2218 Teucro

126 2259 165 2324 G.
188 2259 425 2356 Hermanu2)
451 2262 515 2325 sibi
540 2264 719 2342 persuasit,
745 2261 831 2340 quod
856 2260 941 2340 apud
966 2270 1142 2341 utrumque
1167 2268 1297 2339 poetam

125 2368 262 2432 nuntius
309 2367 348 2431 de
397 2369 497 2431 rebus
543 2366 583 2432 ad
622 2369 756 2432 Troiam
790 2363 858 2433 'vel
897 2377 973 2448 post
1013 2369 1134 2432 Troiae
1174 2387 1298 2446 expug-

125 2475 293 2539 nationem
318 2475 425 2553 gestis
451 2475 637 2540 afferretur.
684 2476 747 2540 Sed
772 2482 810 2540 ut
833 2475 998 2540 fateamur
1014 2477 1154 2541 Pacuvii
1178 2474 1219 2538 fr.
1237 2475 1299 2540 IV:

378 2583 525 2662 „nihilne
550 2603 569 2646 a
594 2584 695 2646 Troia
720 2582 878 2661 adportat
902 2581 1046 2646 fando?“

123 2688 250 2766 aliquid
283 2689 444 2752 eiusmodi
477 2688 686 2771 siguificare,
717 2697 828 2754 tamea
860 2690 917 2767 vix
948 2689 1124 2766 Sophoclis
1148 2688 1190 2756 fr.
1217 2694 1298 2752 520:

728 2790 889 2876 „obponat
912 2786 943 2856 δ’
964 2791 1033 2856 ἄπο

338 2899 496 2987 purpurius,
520 2896 640 2985 βρο1111
663 2895 814 2985 δ’ἒῤῥοίγη
837 2894 880 2963 δι’
902 2895 1088 2987 dorpanei&

123 3009 165 3072 ad
200 3011 351 3074 nuntium
384 3011 505 3075 iustius
530 3030 626 3089 quam
651 3011 691 3075 ad
717 3012 822 3088 ipsum
847 3011 1009 3074 Teucrum
1035 3009 1220 3091 referetur,
1246 3012 1303 3090 qui

123 3123 254 3194 patrem
281 3117 319 3181 de
343 3117 456 3182 reditu
480 3119 670 3196 periculoso
696 3117 823 3182 doceat.

229 3224 320 3288 Nihil
365 3225 472 3302 igitur
519 3224 558 3287 de
597 3223 727 3288 Graeco
771 3225 892 3289 Teucri
937 3225 1087 3303 exemplo
1131 3227 1301 3303 cognitum

127 3331 297 3394 babemus.

655 3453 779 3540 lliptra.

233 3562 301 3628 Cic.
327 3565 424 3627 Tusc.
450 3563 494 3643 ΙΙ,
520 3569 573 3644 21,
597 3568 640 3626 48
665 3583 713 3642 sq.
739 3564 873 3628 scribit:

234 3688 318 3748 „nou
360 3671 458 3735 nimis
501 3671 535 3735 in
574 3671 706 3748 Niptris
746 3671 804 3735 ille
839 3671 1108 3749 sapientissimus
1138 3670 1302 3735 Graeciae

127 3776 262 3840 saucius
286 3777 494 3842 lamentatur
512 3778 567 3844 vel
592 3777 720 3841 modice
744 3778 875 3856 potius:

341 3875 613 3966 ‘pedetemptim’‚
638 3885 758 3966 inquit,
782 3877 829 3950 ‘et
853 3884 969 3949 sedato
993 3886 1079 3967 nisu,

317 4047 318 4050 ,
342 4009 382 4078 ne
407 4010 565 4057 successu
588 3993 733 4070 arripiat
755 3992 862 4056 maior

342 4099 438 4164 dolor
463 4151 469 4164 .
496 4150 503 4164 .
529 4151 537 4167 .
563 4097 581 4164 .'

142 4221 336 4230 -.---——

236 4291 261 4355 1)
283 4279 374 4360 „Uber
393 4290 439 4344 ‹les
458 4291 604 4361 Sophocles
623 4291 707 4346 Aias“
726 4291 815 4346 Barol.
837 4293 914 4359 1820,
934 4307 995 4360 pag.
1016 4296 1059 4348 39.

152 4367 165 4393 “
235 4383 264 4449 2)
286 4380 420 4450 „opums
440 4379 502 4450 VII,
522 4396 584 4450 pag.
603 4380 665 4437 382.
