3208 5080
763 394 981 454 -62„.

291 582 377 661 quod
413 584 540 647 nullius
564 593 741 662 praeterea
767 585 888 650 Graeci
913 593 1032 663 poetae
1054 587 1245 667 Eurysaces
1270 607 1466 652 commemo-

291 700 386 754 ratur
398 691 430 772 ¹).

396 997 520 1076 Agitur
545 998 607 1062 hoc
632 995 780 1061 dramate
806 995 845 1059 de
869 996 1005 1082 Pelopis
1031 1006 1065 1062 et
1088 997 1246 1062 Oenomai
1272 1000 1467 1063 certamine.

289 1101 381 1167 Idem
406 1103 520 1167 docuit
545 1103 719 1180 Sophoclis
741 1096 908 1181 Οἰνόμαος
932 1091 952 1184 ἢ
975 1095 1202 1182 Ἱπποδάμεια
1228 1106 1284 1183 (cf.
1309 1105 1350 1168 fr.
1375 1109 1466 1188 435).

289 1209 399 1272 Etiam
426 1209 607 1288 Euripides
633 1203 801 1287 Οἰνόμαον
837 1210 985 1292 scripsit,
1023 1212 1075 1276 cui
1100 1231 1160 1276 cur
1184 1213 1268 1275 hanc
1292 1212 1466 1276 materiem

289 1335 355 1378 non
379 1316 585 1381 vindicemus
601 1335 666 1379 non
684 1316 852 1390 habemus
870 1333 1065 1395 quamquam
1082 1319 1270 1382 sententiae
1287 1317 1468 1398 florilegiis

290 1422 365 1486 inde
396 1422 542 1488 traditae
573 1423 657 1486 nihil
692 1423 777 1487 certi
808 1425 978 1501 praebent.
1025 1426 1141 1490 Utram
1167 1424 1313 1488 fabulam
1340 1427 1464 1488 Accius

292 1530 517 1610 usurpaverit,
564 1530 752 1609 ambiguum
794 1538 856 1594 est.
919 1532 1133 1608 Welcker2)
1174 1540 1208 1596 et
1246 1531 1467 1614 Ribbeck3)

292 1637 451 1716 Sophocli
486 1637 611 1718 favent,
647 1639 869 1716 Hartung⁴)
905 1638 1070 1718 Euripidi.
1131 1638 1195 1704 Sed
1228 1657 1300 1702 cum
1324 1637 1400 1701 iuda
1426 1639 1467 1702 ab

290 1744 399 1807 Ennio
424 1744 598 1822 Euripidis
629 1744 865 1808 auctoritatem
891 1745 1063 1824 paullatim
1088 1747 1257 1824 minutam,
1291 1746 1468 1825 Sophoclis

291 1859 422 1915 auctam
473 1869 546 1915 esse
594 1852 860 1933 cognoverimus,
908 1852 995 1916 haud
1043 1853 1112 1916 scio
1160 1872 1202 1917 an
1246 1852 1316 1916 illis
1357 1870 1468 1916 assen-

292 1957 440 2021 tiendum
465 1959 521 2021 sit.

813 2099 946 2169 hircus.

399 2227 557 2306 Sophocli
582 2246 617 2291 se
643 2229 813 2308 applicans
838 2230 1022 2294 scholiasta
1046 2229 1250 2308 Euripideus
1276 2228 1329 2308 (ad
1356 2227 1465 2292 Orest.

292 2329 370 2417 812)
394 2343 510 2398 narrat
536 2354 608 2398 cum
633 2336 701 2399 alia
725 2343 793 2400 tum
820 2337 919 2400 haec:

395 2441 560 2523 ,,Θυεῖστης
596 2439 631 2503 δὲ
666 2436 773 2522 λαβών
807 2445 904 2504 τοῦτο
941 2442 1001 2522 (sc.
1027 2436 1063 2502 τό
1089 2443 1229 2523 χρυσοῦν
1258 2435 1388 2524 οἷρνίον)
1411 2442 1468 2502 καὶ

292 2548 399 2620 δείξας
433 2553 500 2617 τοῖς
535 2548 699 2618 δικασταῖς
733 2551 788 2632 τῆς
823 2543 923 2632 ἀρχῆς
958 2544 1122 2630 ἐκρότησε.
1159 2543 1205 2633 μὴ
1240 2543 1467 2626 ἀνασχόμενος

293 2633 352 2714 οὖν
377 2648 498 2735 ’Ἀτρεὺς
529 2649 588 2738 τὴν
620 2650 793 2738 συμφορὰν
824 2657 879 2718 καὶ
904 2656 1127 2738 δνςχεραίνων,
1153 2649 1205 2718 ὅτι
1236 2647 1354 2726 όδόκως
1382 2652 1464 2717 ε’στέ-

294 2781 388 2844 ρηται
422 2765 477 2846 τῆς
512 2754 620 2846 ἀρχῆς,
658 2756 741 2842 ὁμοῦ
776 2784 811 2825 τε
846 2757 904 2847 τὴν
934 2771 1071 2842 γυναῖκα
1096 2757 1252 2848 Ἀερόττην
1275 2769 1465 2845 τιμωρεῖται

294 2860 366 2930 κατ’
401 2863 510 2951 ἄμφω,
546 2871 600 2931 καὶ
634 2862 684 2932 ὅτι
720 2867 908 2950 ἐμοιχενέτυ
946 2873 1072 2956 Θυέστῃ
1107 2871 1164 2932 καὶ
1193 2862 1244 2932 ὅτι
1268 2870 1404 2951 κέκλυφε
1429 2864 1465 2932 τὸ

288 2970 401 3058 οἷρνίον
426 2977 482 3038 καὶ
506 2977 645 3039 δέδωκεν
670 2969 766 3062 ur'aqi,
793 2979 891 3062 ῥίψας
916 2969 1018 3062 αὐτὴν
1043 2973 1086 3047 εἰς
1110 2974 1290 3060 θάλατταν,
1316 2968 1356 3048 ὥς
1388 2995 1467 3060 φησι

288 3083 461 3168 Σοφοκλῆς,
487 3080 641 3155 καὶτοὺς
676 3092 761 3168 τρεῖς
797 3079 884 3156 υἱοὺς
908 3089 966 3148 τοῦ
997 3088 1154 3165 Θυέστου,
1180 3080 1320 3168 Ἆγλαόν,
1345 3079 1465 3163 Ὀρχο·

290 3185 392 3269 μενόν
417 3192 471 3253 καὶ
508 3187 635 3254 Κοίλεον
671 3184 868 3263 α’ντοκτεόυας
903 3197 1098 3275 παρέθηκεν
1138 3191 1181 3262 εἰς
1216 3188 1386 3273 τράπεζαν
1420 3194 1466 3276 τῷ

289 3299 402 3381 πατρὶ,
427 3300 481 3361 καὶ
506 3291 607 3361 αὐτόν
631 3291 766 3381 ὕστερον
791 3292 1018 3364 όντόκτ·εινεν.“

393 3408 444 3471 Ex
481 3408 533 3471 his
567 3425 729 3488 apparere
766 3409 900 3473 videtur
925 3410 1088 3489 Sophocle
1119 3417 1256 3473 auctore
1281 3409 1461 3488 Thyestem

289 3533 353 3577 non
390 3516 423 3577 in
460 3515 597 3578 exilium
622 3516 756 3580 missum
782 3534 865 3597 esse,
903 3517 959 3580 sed
985 3536 1056 3580 cum
1082 3520 1215 3596 Aeropa
1240 3531 1361 3594 poenas
1386 3515 1464 3579 illas

289 3622 379 3684 diras
415 3623 568 3703 solvisse,
608 3624 662 3686 ubi
699 3625 838 3702 primum
865 3628 988 3686 Atreus
1018 3642 1155 3701 regnum
1181 3624 1462 3702 recuperavisset.

288 3730 369 3792 Nam
396 3729 479 3793 satis
504 3729 651 3793 dilucide
676 3731 738 3794 hoc
763 3731 903 3810 exprimi
930 3731 1028 3794 credo
1053 3732 1167 3796 verbis
1192 3731 1260 3794 his:

399 3942 423 4007 l)
442 3939 482 3993 Na
501 3941 530 3994 L.
551 3941 647 3996 ldiillar
672 3941 779 4008 quidam
805 3942 867 4008 (,‚de
888 3941 961 3995 Accii
987 3939 1103 3993 iabulis‘·
1126 3955 1188 4009 pag.
1208 3941 1256 4009 al)
1277 3939 1373 3995 abnuit
1393 3939 1463 3992 hanc

287 4029 453 4100 opinionem
482 4029 513 4083 A.
540 4030 645 4084 Schoell
671 4031 849 4100 („Beitr'age“
876 4037 928 4085 etc.
954 4045 1017 4100 pag.
1044 4031 1096 4084 623
1120 4031 1189 4097 sqq.)
1217 4028 1292 4083 Accii
1316 4028 1464 4096 Eurysacis

287 4135 372 4186 aequo
392 4137 422 4172 ac
442 4119 553 4173 Pacuvii
573 4120 668 4175 Teucri
689 4120 821 4189 originem
840 4136 874 4175 ax
893 4121 1029 4190 Sophoclis
1049 4121 1151 4174 Teucro
1171 4119 1255 4173 duxit.

394 4210 422 4272 2)
442 4209 459 4262 1.
479 4209 496 4262 l.
517 4224 578 4279 pag.
598 4210 659 4264 352.

394 4300 422 4363 3)
441 4298 460 4352 l.
480 4299 496 4352 l.
516 4315 579 4368 pag.
598 4300 660 4353 441.

394 4388 423 4458 4)
443 4389 523 4458 „Eua
543 4391 626 4444 rast.“
646 4389 682 4456 11,
702 4406 764 4460 pag.
789 4390 847 4446 104.
