3208 5080
747 355 967 412 —-10-

764 544 950 612 Hermiona.

374 692 548 770 Euripidis
574 690 839 756 Andromacham
864 692 962 757 Livio
988 693 1138 773 exemplo
1164 693 1268 758 fuisse
1305 694 1334 758 si
1369 693 1444 772 quis

267 803 367 884 dicat,
393 818 452 881 per
476 820 511 864 se
536 801 623 865 haud
649 803 761 880 inepte
786 802 943 866 coniciet.
990 803 1029 867 In
1053 804 1116 867 hac
1141 803 1228 868 euim
1253 803 1367 868 fabula
1392 805 1446 868 in·

267 909 418 974 venimus
443 924 547 988 paene
579 927 644 971 uon
677 908 816 972 minoris
840 910 997 974 momenti
1027 928 1101 973 esse
1126 911 1340 975 Hermionam
1364 910 1440 975 odio

268 1034 440 1080 accensam
466 1034 562 1093 qnam
587 1014 852 1080 Andromacham
878 1017 1087 1080 inimicorum
1113 1017 1246 1081 insidiis
1279 1026 1442 1082 vexatam.

267 1124 387 1201 Itaque
416 1142 482 1185 non
515 1121 652 1186 difficile
683 1131 757 1186 erat
785 1124 835 1186 ita
863 1131 992 1187 mutare
1028 1132 1275 1205 argumentum,
1311 1132 1348 1188 ut
1379 1143 1445 1188 nou

270 1229 511 1310 Andromacha,
544 1228 601 1293 sed
639 1229 822 1293 Hermiona
845 1231 919 1293 iure
943 1231 1189 1295 inscriberetur
1212 1231 1335 1296 fabula.
1378 1229 1442 1295 Sed

268 1354 309 1399 ne
333 1337 480 1416 nimiam,
498 1336 551 1399 cui
569 1351 718 1414 parasse
735 1355 801 1399 non
819 1345 952 1416 poterat
970 1338 1009 1416 is,
1029 1338 1084 1415 qui
1104 1338 1230 1417 primus
1246 1336 1445 1416 tragoediae

272 1445 439 1507 Romanae
464 1450 583 1506 auctor
608 1443 734 1524 extitit,
760 1451 866 1507 artem
891 1445 1152 1508 attribueremus
1181 1445 1271 1510 Livii
1296 1445 1443 1523 ingenio,

270 1558 369 1614 antea
397 1551 592 1613 monuimus
635 1550 707 1613 Huc
732 1550 863 1614 accedit
887 1551 938 1632 id,
964 1551 1050 1630 qnod
1083 1551 1299 1629 Ribbeck¹)
1339 1551 1445 1614 affert.

269 1658 322 1721 Ex
347 1658 535 1737 fragmento
568 1657 673 1738 euim,
707 1656 793 1735 quod
828 1659 957 1722 unicum
982 1658 1149 1739 traditur,
1180 1658 1384 1722 luculentum
1410 1657 1447 1721 fit

272 1765 471 1828 Anchialum
497 1784 515 1827 1
539 1764 637 1829 Livio
662 1763 831 1829 inductum
861 1765 981 1846 fuisse,
1007 1784 1102 1844 quem
1127 1765 1378 1828 Andromachae
1413 1772 1447 1828 et

271 1872 481 1949 Neoptolemi
505 1871 609 1934 filium
634 1871 738 1935 fuisse
756 1873 882 1951 Hygini
908 1872 1227 1936 11111111310111.
1265 1872 1448 1950 Euripides

272 1985 390 2042 contra
407 1978 588 2041 Molossum
606 1977 858 2043 Andromachae
872 1980 976 2042 filium
992 1979 1088 2043 finxit
1105 1996 1244 2056 eumque
1262 1979 1446 2058 puerulum,

273 2104 345 2148 curn
371 2084 456 2163 apud
480 2084 663 2148 Romanum
688 2072 818 2164 poetam
843 2085 977 2150 adultus
1015 2101 1088 2148 esse
1124 2085 1289 2150 videatur.
1339 2084 1448 2165 Quare

274 2192 406 2256 Livium
431 2191 522 2255 aliud
548 2192 732 2271 exemplum
757 2193 913 2256 habuisse
939 2201 1124 2257 statuamus
1148 2209 1285 2255 necesse
1310 2192 1356 2256 fit.

380 2299 514 2363 Nullum
549 2307 659 2363 autem
692 2300 854 2364 eiusmodi
889 2299 1049 2364 dramatis
1083 2308 1253 2364 auctorem
1296 2299 1449 2362 novimus

277 2413 412 2484 praeter
448 2406 655 2484 Sophoclem.
713 2408 831 2486 ltaque
873 2424 1067 2485 quamquam
1104 2406 1203 2470 nimis
1247 2405 1450 2470 confidenter

277 2513 421 2577 fortasse
462 2513 548 2577 dixit
587 2515 809 2590 Welcker2)
849 2515 921 2577 lieri
961 2532 1026 2576 non
1066 2529 1163 2592 posse
1213 2513 1291 2590 quin
1332 2513 1449 2576 Livius

278 2621 434 2700 Sophocli
452 2639 488 2684 11
505 2622 719 2701 applicuerit,
736 2628 846 2686 tamen
871 2620 1153 2686 verisimillimum
1177 2638 1250 2684 esse
1265 2627 1450 2684 statuemus

277 2728 409 2792 Livium
434 2728 610 2808 Sophoclis
634 2729 815 2792 Hermiona
840 2747 932 2793 usum
959 2747 1043 2793 esse.

766 2901 957 2986 Aegisthus.

385 3031 644 3109 Agamemnonis
676 3040 815 3096 mortem
848 3031 992 3094 tractari
1022 3049 1062 3093 ex
1087 3029 1286 3108 fragmentis
1312 3046 1452 3106 cognos-

279 3139 381 3218 citur,
413 3144 449 3202 ut
479 3138 700 3218 retineamur,
731 3155 772 3200 ne
803 3136 1037 3216 similitudini,
1063 3154 1146 3215 quae
1172 3144 1223 3200 est
1248 3137 1337 3200 iuter
1361 3135 1451 3212 frag-

278 3254 421 3310 mentum
446 3245 508 3310 Ill.
551 3252 585 3309 et
629 3244 804 3325 Sophoclis
844 3245 1002 3308 Electrae
1042 3262 1174 3309 versum
1214 3248 1235 3306 4
1274 3243 1451 3320 quicquam

277 3352 434 3433 ponderis
470 3354 708 3433 impertiamus
757 3352 820 3417 Sed
856 3353 970 3416 nescio
1007 3371 1047 3416 an
1085 3371 1124 3415 ex
1159 3351 1226 3414 alia
1263 3348 1450 3427 Sophoclea

277 3460 390 3524 fabula
421 3461 511 3525 Livii
545 3461 743 3537 Aegisthum
778 3459 942 3523 deducere
979 3460 1091 3523 liceat.
1140 3457 1336 3537 Sophoclem
1362 3456 1448 3518 euim

278 3583 456 3646 usurpasse
492 3566 630 3630 formam
661 3559 842 3653 α’ῤῥύθμων
866 3566 1055 3646 Hesychius
1089 3561 1121 3647 (l
1143 3580 1217 3643 pag.
1238 3565 1314 3630 293)
1351 3562 1450 3626 testis

279 3682 331 3738 est
354 3675 467 3739 verbis
492 3674 559 3737 his:

483 3788 670 3882 ἅῤῥύθμων·
696 3792 910 3876 ἀσυμφώνων·
936 3794 1104 3878 Σοφοκλῆς
1129 3774 1251 3872 αἰγίθω.

280 3904 370 3985 Quae
395 3905 496 3968 lectio
529 3905 711 3985 depravata
740 3926 759 3969 a
783 3905 868 3970 viris
893 3904 1001 3968 doctis
1027 3903 1160 3968 diverse
1191 3903 1352 3966 restituta
1387 3909 1448 3979 est,

279 4011 490 4090 Diintzer³)
527 4020 637 4076 autem
672 4032 744 4077 curn
790 4005 931 4093 Αἰγίσθῳ
976 4011 1113 4074 Musuro
1161 4017 1298 4073 auctore
1345 4009 1448 4084 legat,

387 4168 415 4236 1)
434 4168 450 4221 l.
471 4169 487 4222 l.
507 4184 571 4238 pag.
582 4173 625 4224 31.

385 4258 450 4326 2)1.
470 4257 486 4311 l.
506 4259 639 4328 pag2‘l3.

387 4352 414 4412 3)
435 4347 482 4414 „h
502 4347 570 4401 Livii
591 4347 735 4408 Andronici
754 4348 908 4416 fragmenta
927 4347 1040 4402 collecta
1056 4353 1083 4403 11
1093 4346 1247 4400 1111111111*
1266 4344 1339 4397 Dies.
1356 4342 1448 4411 inaug.

279 4437 366 4502 naor.
388 4438 602 4520 111111,
