3208 5080
783 429 1003 494 ‚20-

304 628 442 708 istimat,
469 627 563 690 cuins
588 626 679 690 solus
703 627 824 691 titulus
848 627 1061 691 Monumento
1076 627 1207 691 Albano
1232 634 1386 691 servatus
1416 635 1477 691 est.
1586 607 1587 666 ἶ

304 734 410 816 Quale
428 733 533 799 fuerit
549 735 648 798 huius
667 732 828 799 dramatis
845 742 1078 813 argumentum
1091 752 1131 797 ex
1145 734 1293 798 Romana
1302 733 1479 810 tragoedia

307 842 505 905 concludere
543 849 693 905 conatur.
741 840 805 906 Sed
840 842 969 906 reiecta
1004 842 1176 907 Welckeri
1213 841 1253 905 de
1292 841 1355 906 fine
1390 841 1478 920 Equi

306 950 442 1013 Troiani
468 949 635 1013 sententia
660 947 717 1032 (cf.
743 965 818 1028 pag.
836 947 901 1032 18),
927 950 1026 1013 etiam
1052 951 1134 1013 haec
1165 949 1204 1013 de
1228 950 1322 1029 Epeo
1347 950 1479 1030 prolata

306 1057 471 1120 obruitur.
530 1056 610 1120 Nam
648 1074 844 1135 quamquam
888 1057 1062 1136 Vergilius
1099 1058 1133 1121 in
1169 1060 1250 1121 Aen.
1276 1057 1321 1138 H,
1348 1061 1413 1121 264
1445 1065 1479 1120 et
1586 1065 1587 1070 ’

305 1165 473 1228 Lucienus
499 1165 533 1228 in
557 1165 655 1243 Hipp.
682 1170 700 1227 2
725 1172 895 1229 testantur
919 1165 1045 1244 Epenm
1071 1183 1201 1243 qnoque
1226 1165 1260 1228 in
1278 1166 1354 1244 equi
1372 1165 1478 1242 lignei

307 1271 383 1337 alvo
409 1272 572 1336 inclusum
596 1270 719 1351 fnisse,
750 1279 861 1336 tamen
893 1273 1031 1336 nonita
1061 1271 1172 1336 clarus
1197 1273 1313 1337 extitit
1343 1273 1378 1335 in
1407 1273 1479 1351 ipsa
1586 1283 1587 1340 ὲ

307 1379 564 1458 expugnatione,
590 1397 685 1456 quam
711 1379 795 1442 satis
819 1397 969 1456 magnam
994 1378 1129 1442 fabulae
1153 1380 1322 1444 Romanae
1347 1387 1478 1459 partem
1586 1369 1587 1436 ἶ

307 1485 511 1564 complexam
546 1502 618 1548 esse
653 1485 887 1566 cognovimus,
921 1492 957 1548 ut
981 1487 1053 1549 eius
1082 1487 1213 1549 nomine
1238 1485 1416 1565 tragoedia
1440 1503 1479 1548 ea

307 1593 562 1672 inscriberetur,
595 1609 679 1669 quae
709 1593 831 1655 Troiae
863 1593 1036 1657 interitum
1063 1594 1262 1657 contineret.
1311 1594 1425 1671 Neque
1451 1593 1478 1655 si
1586 1679 1587 1682 Ἴ

307 1700 525 1780 colliguntur,
558 1716 783 1776 quaecumque
815 1699 855 1762 de
888 1700 980 1780 Epeo
1017 1700 1144 1764 tradita
1177 1708 1271 1780 sunt,
1304 1701 1479 1778 quicquam

306 1806 488 1886 invenitur,
514 1806 601 1884 quod
618 1807 740 1869 iustam
758 1805 918 1870 dramatis
935 1808 1108 1870 materiam
1135 1808 1305 1888 praebeat,
1330 1815 1478 1886 praetcr-

307 1932 404 1991 quam
429 1912 515 1991 qnod
541 1914 618 1990 equi
643 1913 748 1992 lignei
774 1921 968 1977 exstructor
991 1913 1065 1981 init.
1114 1915 1185 1978 Hoc
1210 1914 1317 1993 igitur
1346 1933 1477 1992 quoquo

307 2020 402 2083 modo
427 2019 600 2084 redactum
632 2028 863 2099 argumentum
900 2021 985 2100 Epei
1021 2029 1206 2086 statuamus
1242 2039 1380 2085 necesse
1416 2029 1477 2084 est.

413 2145 477 2208 Vix
511 2145 608 2224 plura
644 2164 739 2223 qnam
774 2144 814 2208 de
843 2145 1017 2225 Euripidis
1051 2147 1143 2226 Epeo
1178 2154 1313 2212 servata
1338 2153 1415 2210 sunt
1440 2145 1479 2208 do

308 2252 484 2330 Sophoclis
502 2251 635 2332 Sinone,
653 2251 737 2315 unde
754 2253 822 2316 tria
839 2260 966 2317 tanturn
984 2255 1088 2318 verba
1109 2254 1149 2317 ad
1166 2273 1226 2317 nos
1245 2260 1479 2333 pervenerunt.

309 2358 373 2422 Sed
399 2357 478 2436 quid
503 2359 584 2421 haec
609 2356 723 2422 fabula
748 2361 920 2440 complexa
944 2362 1000 2441 sit,
1025 2362 1235 2440 perspicuum
1261 2367 1312 2424 est
1329 2369 1478 2425 veterum

309 2466 572 2530 narratiunculis
587 2463 628 2548 ¹):
654 2467 780 2545 Agitur
804 2467 842 2529 de
867 2465 984 2530 fraude
1010 2468 1154 2547 Sinonis,
1180 2487 1244 2546 qna
1268 2468 1405 2530 'lroiani
1441 2466 1479 2529 de

310 2592 393 2652 equo
439 2573 553 2652 ligneo
600 2572 828 2654 decipiuntur,
869 2580 906 2636 ut
950 2574 1091 2638 Graecis
1130 2574 1261 2638 tandem
1302 2572 1479 2653 aliquando

309 2681 455 2744 hostium
490 2680 569 2743 urbs
600 2679 747 2760 patefiat.
794 2681 869 2745 Jam
906 2699 950 2761 sr,
988 2699 1083 2759 quem
1108 2679 1241 2745 fabulae
1266 2699 1479 2760 progressum
1586 2715 1587 2736 1

309 2787 525 2851 attribuimus
558 2786 677 2851 Naevii
709 2787 804 2865 Equo
838 2788 1000 2869 Troiano,
1035 2806 1105 2851 cum
1146 2788 1285 2852 Graecis
1322 2789 1413 2868 Epeo
1446 2795 1481 2850 et

310 2894 432 2958 Sinone
457 2891 643 2970 tragoediis
669 2909 906 2976 comparamus,
932 2895 1042 2959 elucet
1066 2896 1211 2974 priorem
1236 2903 1364 2974 partem
1395 2893 1480 2957 idem

311 3001 483 3064 continere
515 3007 614 3078 atque
648 2999 822 3080 Euripidis
845 3002 989 3082 Epeum,
1015 3004 1233 3081 posteriorem
1264 3001 1349 3066 idem
1381 3008 1480 3078 atque
1586 2979 1587 2996 ¹

311 3107 486 3186 Sophoclis
523 3106 694 3189 Sinonem,
724 3110 937 3187 praesertimv
956 3127 1028 3171 cum
1061 3127 1101 3172 ex
1133 3110 1247 3173 Plauti
1279 3107 1480 3172 Bacchidum

311 3233 411 3280 versu
452 3219 514 3276 938
555 3213 669 3278 doceri
710 3215 883 3280 videamur
922 3215 1055 3280 Sinonis
1095 3232 1268 3295 personam
1303 3235 1322 3278 a
1353 3215 1480 3279 Naevio

311 3322 518 3400 aliquantum
543 3323 693 3400 urgueri.
741 3323 990 3386 Meminerimus
1015 3337 1115 3402 porro
1148 3323 1315 3388 Romanae
1348 3321 1481 3386 fabulae

312 3436 508 3505 argumento
558 3429 714 3493 usitatam
765 3429 968 3493 Graecorum
1008 3428 1191 3495 dramatum
1231 3429 1481 3510 amplitudinem

312 3536 476 3616 superari,
500 3542 671 3599 teneamus
689 3536 733 3617 id,
752 3535 838 3614 qnod
862 3545 962 3601 antea
988 3539 1201 3617 exposuimus
1226 3545 1260 3601 et
1284 3536 1323 3600 de
1342 3536 1482 3600 Graecis

312 3643 522 3723 auctoribuS,
564 3660 701 3721 quorum
746 3643 934 3722 tragoediis
978 3643 1124 3708 Naevius
1164 3659 1297 3723 operam
1342 3661 1482 3709 navasse
1586 3699 1587 3704 ,

312 3749 496 3830 videretur,
533 3757 567 3814 et
603 3749 642 3812 de
679 3751 976 3832 contaminatione,
1012 3770 1097 3829 qnae
1134 3759 1291 3832 vocatur,
1329 3770 1348 3814 a
1383 3757 1483 3828 poeta
1586 3745 1587 3748 ’

312 3864 428 3919 nostro
453 3857 560 3934 primo
585 3856 746 3939 adhibita,
772 3857 928 3921 addamus
953 3857 1125 3922 Diomedis
1150 3858 1198 3936 (in
1212 3858 1318 3921 Keilii
1332 3857 1390 3921 Gr.
1408 3857 1483 3919 Lat.

313 3962 420 4042 voll,
446 3978 520 4042 pag.
534 3961 613 4046 491)
639 3964 747 4027 locnm
772 3965 873 4028 hunc:

419 4078 474 4149 „at
510 4070 606 4134 latini
644 4073 828 4151 scriptores
866 4073 1053 4153 complures
1090 4088 1250 4152 personas
1288 4073 1320 4134 in
1350 4071 1484 4134 fabulas

418 4176 644 4259 introduxere,
670 4187 706 4242 ut
730 4180 952 4258 speciosiores
977 4178 1166 4258 frequentia
1189 4177 1372 4259 facerent“,

412 4406 437 4474 1)
458 4407 546 4475 Leges
566 4405 682 4475 exempli
703 4422 785 4460 conso
806 4407 886 4474 Verg.
907 4407 1018 4461 Aeneid.
1033 4409 1069 4474 II,
1083 4409 1222 4476 57-1983
1243 4411 1304 4462 259.
