<?xml version="1.0" encoding="UTF-8"?>
<!DOCTYPE html PUBLIC "-//W3C//DTD XHTML 1.0 Transitional//EN"
    "http://www.w3.org/TR/xhtml1/DTD/xhtml1-transitional.dtd">
<html xmlns="http://www.w3.org/1999/xhtml" xml:lang="en" lang="en">
 <head>
  <title>
</title>
<meta http-equiv="Content-Type" content="text/html;charset=utf-8" />
  <meta name='ocr-system' content='tesseract 3.04.00' />
  <meta name='ocr-capabilities' content='ocr_page ocr_carea ocr_par ocr_line ocrx_word'/>
</head>
<body>
  <div class='ocr_page' id='page_1' title='image "./desophoclearoma00gensgoog_0012.png"; bbox 0 0 3208 5080; ppageno 0'>
   <div class='ocr_carea' id='block_1_1' title="bbox 650 382 954 470">
    <p class='ocr_par' dir='ltr' id='par_1_1' title="bbox 650 382 954 470">
     <span class='ocr_line' id='line_1_1' title="bbox 650 382 954 470; baseline 0 -52"><span class='ocrx_word' id='word_1_1' title='bbox 650 382 954 470; x_wconf 77' lang='lat'>..9...¹</span> 
     </span>
    </p>
   </div>
   <div class='ocr_carea' id='block_1_2' title="bbox 169 552 1345 847">
    <p class='ocr_par' dir='ltr' id='par_1_2' title="bbox 169 552 1345 847">
     <span class='ocr_line' id='line_1_2' title="bbox 170 552 1345 632; baseline 0.003 -19"><span class='ocrx_word' id='word_1_2' title='bbox 170 552 364 618; x_wconf 85' lang='lat' dir='ltr'>brabantur.</span> <span class='ocrx_word' id='word_1_3' title='bbox 413 555 495 618; x_wconf 89' lang='lat' dir='ltr'>Nam</span> <span class='ocrx_word' id='word_1_4' title='bbox 532 553 708 631; x_wconf 79' lang='lat' dir='ltr'>Sophoclis</span> <span class='ocrx_word' id='word_1_5' title='bbox 751 572 881 632; x_wconf 92' lang='lat' dir='ltr'>quoque</span> <span class='ocrx_word' id='word_1_6' title='bbox 917 554 1049 618; x_wconf 84' lang='lat' dir='ltr'>fabulas</span> <span class='ocrx_word' id='word_1_7' title='bbox 1091 571 1164 618; x_wconf 92' lang='lat' dir='ltr'>eum</span> <span class='ocrx_word' id='word_1_8' title='bbox 1201 555 1345 619; x_wconf 86' lang='lat' dir='ltr'>vertisse</span> 
     </span>
     <span class='ocr_line' id='line_1_3' title="bbox 169 659 840 739; baseline 0.006 -19"><span class='ocrx_word' id='word_1_9' title='bbox 169 659 254 722; x_wconf 86' lang='lat' dir='ltr'>satis</span> <span class='ocrx_word' id='word_1_10' title='bbox 279 660 458 724; x_wconf 84' lang='lat' dir='ltr'>manifesto</span> <span class='ocrx_word' id='word_1_11' title='bbox 484 661 693 738; x_wconf 89' lang='lat' dir='ltr'>comprobari</span> <span class='ocrx_word' id='word_1_12' title='bbox 718 669 840 739; x_wconf 88' lang='lat' dir='ltr'>potest.</span> 
     </span>
     <span class='ocr_line' id='line_1_4' title="bbox 278 764 1069 847; baseline 0 -17"><span class='ocrx_word' id='word_1_13' title='bbox 278 764 372 846; x_wconf 81' lang='lat' dir='ltr'>Quod</span> <span class='ocrx_word' id='word_1_14' title='bbox 398 769 455 831; x_wconf 92' lang='lat' dir='ltr'>ubi</span> <span class='ocrx_word' id='word_1_15' title='bbox 480 767 692 831; x_wconf 88' lang='lat' dir='ltr'>statuendum</span> <span class='ocrx_word' id='word_1_16' title='bbox 717 768 773 847; x_wconf 85' lang='lat' dir='ltr'>sit,</span> <span class='ocrx_word' id='word_1_17' title='bbox 799 768 863 831; x_wconf 91' lang='lat' dir='ltr'>iam</span> <span class='ocrx_word' id='word_1_18' title='bbox 888 767 1069 833; x_wconf 88' lang='lat' dir='ltr'>videamus.</span> 
     </span>
    </p>
   </div>
   <div class='ocr_carea' id='block_1_3' title="bbox 566 1100 953 1187">
    <p class='ocr_par' dir='ltr' id='par_1_3' title="bbox 566 1100 953 1187">
     <span class='ocr_line' id='line_1_5' title="bbox 566 1100 953 1187; baseline 0 -19"><span class='ocrx_word' id='word_1_19' title='bbox 566 1100 648 1168; x_wconf 73' lang='lat' dir='ltr'>Aiax</span> <span class='ocrx_word' id='word_1_20' title='bbox 673 1101 953 1187; x_wconf 74' lang='lat' dir='ltr'>masripopoorus.</span> 
     </span>
    </p>
   </div>
   <div class='ocr_carea' id='block_1_4' title="bbox 161 1284 1395 3395">
    <p class='ocr_par' dir='ltr' id='par_1_4' title="bbox 166 1284 1395 2645">
     <span class='ocr_line' id='line_1_6' title="bbox 275 1284 1343 1364; baseline 0.003 -18"><span class='ocrx_word' id='word_1_21' title='bbox 275 1284 390 1347; x_wconf 80' lang='lat' dir='ltr'>Aiacis</span> <span class='ocrx_word' id='word_1_22' title='bbox 416 1291 555 1347; x_wconf 91' lang='lat' dir='ltr'>mortem</span> <span class='ocrx_word' id='word_1_23' title='bbox 580 1284 765 1364; x_wconf 80' lang='lat' dir='ltr'>lugubrem,</span> <span class='ocrx_word' id='word_1_24' title='bbox 792 1302 887 1362; x_wconf 90' lang='lat' dir='ltr'>quam</span> <span class='ocrx_word' id='word_1_25' title='bbox 913 1285 975 1347; x_wconf 93' lang='lat' dir='ltr'>hac</span> <span class='ocrx_word' id='word_1_26' title='bbox 999 1284 1112 1346; x_wconf 85' lang='lat' dir='ltr'>fabula</span> <span class='ocrx_word' id='word_1_27' title='bbox 1136 1287 1343 1362; x_wconf 80' lang='lat' dir='ltr'>propositam</span> 
     </span>
     <span class='ocr_line' id='line_1_7' title="bbox 168 1388 1343 1470; baseline 0.003 -17"><span class='ocrx_word' id='word_1_28' title='bbox 168 1388 272 1453; x_wconf 86' lang='lat' dir='ltr'>fuisse</span> <span class='ocrx_word' id='word_1_29' title='bbox 298 1409 339 1453; x_wconf 86' lang='lat' dir='ltr'>ex</span> <span class='ocrx_word' id='word_1_30' title='bbox 362 1391 463 1453; x_wconf 84' lang='lat' dir='ltr'>titulo</span> <span class='ocrx_word' id='word_1_31' title='bbox 482 1391 602 1470; x_wconf 92' lang='lat' dir='ltr'>elucet,</span> <span class='ocrx_word' id='word_1_32' title='bbox 627 1397 863 1455; x_wconf 88' lang='lat' dir='ltr'>tractaverunt</span> <span class='ocrx_word' id='word_1_33' title='bbox 880 1391 941 1453; x_wconf 91' lang='lat' dir='ltr'>hae</span> <span class='ocrx_word' id='word_1_34' title='bbox 961 1391 1111 1454; x_wconf 79' lang='lat' dir='ltr'>Graecae</span> <span class='ocrx_word' id='word_1_35' title='bbox 1129 1392 1343 1469; x_wconf 85' lang='lat' dir='ltr'>tragoediae:</span> 
     </span>
     <span class='ocr_line' id='line_1_8' title="bbox 333 1496 1307 1580; baseline -0.012 -20"><span class='ocrx_word' id='word_1_36' title='bbox 333 1496 492 1576; x_wconf 78' lang='lat' dir='ltr'>Aeschyli</span> <span class='ocrx_word' id='word_1_37' title='bbox 520 1497 676 1580; x_wconf 73' lang='grc' dir='ltr'><em>Θρῇσσαν,</em></span> <span class='ocrx_word' id='word_1_38' title='bbox 1305 1499 1307 1505; x_wconf 92' lang='grc'><strong><em>·</em></strong></span> 
     </span>
     <span class='ocr_line' id='line_1_9' title="bbox 330 1598 880 1685; baseline -0.009 -18"><span class='ocrx_word' id='word_1_39' title='bbox 330 1603 505 1681; x_wconf 80' lang='lat' dir='ltr'>Sophoclis</span> <span class='ocrx_word' id='word_1_40' title='bbox 528 1599 607 1672; x_wconf 81' lang='grc' dir='ltr'><em>Αἴας</em></span> <span class='ocrx_word' id='word_1_41' title='bbox 630 1598 880 1685; x_wconf 68' lang='grc' dir='ltr'><em>μαστιγοφόρος,</em></span> 
     </span>
     <span class='ocr_line' id='line_1_10' title="bbox 329 1705 1083 1792; baseline -0.005 -18"><span class='ocrx_word' id='word_1_42' title='bbox 329 1709 581 1790; x_wconf 87' lang='lat' dir='ltr'>Astydamantis</span> <span class='ocrx_word' id='word_1_43' title='bbox 606 1711 745 1774; x_wconf 88' lang='lat' dir='ltr'>minoris</span> <span class='ocrx_word' id='word_1_44' title='bbox 770 1706 847 1780; x_wconf 85' lang='grc' dir='ltr'><em>Αἴας</em></span> <span class='ocrx_word' id='word_1_45' title='bbox 870 1705 1083 1792; x_wconf 69' lang='grc' dir='ltr'><em>μαινόμενος,</em></span> 
     </span>
     <span class='ocr_line' id='line_1_11' title="bbox 330 1813 856 1887; baseline 0.002 -6"><span class='ocrx_word' id='word_1_46' title='bbox 330 1818 463 1882; x_wconf 82' lang='lat' dir='ltr'>Carcini</span> <span class='ocrx_word' id='word_1_47' title='bbox 490 1825 524 1881; x_wconf 85' lang='lat' dir='ltr'>et</span> <span class='ocrx_word' id='word_1_48' title='bbox 547 1817 748 1882; x_wconf 76' lang='lat' dir='ltr'>Theodectis</span> <span class='ocrx_word' id='word_1_49' title='bbox 768 1813 856 1887; x_wconf 82' lang='grc' dir='ltr'><em>Αἴας.</em></span> 
     </span>
     <span class='ocr_line' id='line_1_12' title="bbox 168 1924 1342 2007; baseline 0.001 -18"><span class='ocrx_word' id='word_1_50' title='bbox 168 1929 279 2004; x_wconf 81' lang='lat' dir='ltr'>Atque</span> <span class='ocrx_word' id='word_1_51' title='bbox 316 1944 388 1989; x_wconf 91' lang='lat' dir='ltr'>cum</span> <span class='ocrx_word' id='word_1_52' title='bbox 426 1925 612 2004; x_wconf 84' lang='lat' dir='ltr'>Aeschylus</span> <span class='ocrx_word' id='word_1_53' title='bbox 649 1925 712 1989; x_wconf 91' lang='lat' dir='ltr'>huc</span> <span class='ocrx_word' id='word_1_54' title='bbox 757 1925 889 1989; x_wconf 91' lang='lat' dir='ltr'>omniuo</span> <span class='ocrx_word' id='word_1_55' title='bbox 925 1924 1008 1989; x_wconf 82' lang='lat' dir='ltr'>non&#39;</span> <span class='ocrx_word' id='word_1_56' title='bbox 1030 1927 1218 2007; x_wconf 78' lang='lat' dir='ltr'>pertineat,</span> <span class='ocrx_word' id='word_1_57' title='bbox 1256 1928 1342 2005; x_wconf 92' lang='lat' dir='ltr'>quod</span> 
     </span>
     <span class='ocr_line' id='line_1_13' title="bbox 168 2028 1342 2115; baseline 0 -19"><span class='ocrx_word' id='word_1_58' title='bbox 168 2034 303 2096; x_wconf 89' lang='lat' dir='ltr'>Aiacem</span> <span class='ocrx_word' id='word_1_59' title='bbox 330 2049 453 2110; x_wconf 80' lang='lat' dir='ltr'>greges</span> <span class='ocrx_word' id='word_1_60' title='bbox 471 2031 662 2096; x_wconf 88' lang='lat' dir='ltr'>caedentem</span> <span class='ocrx_word' id='word_1_61' title='bbox 678 2051 744 2094; x_wconf 92' lang='lat' dir='ltr'>non</span> <span class='ocrx_word' id='word_1_62' title='bbox 761 2031 893 2096; x_wconf 86' lang='lat' dir='ltr'>induxit</span> <span class='ocrx_word' id='word_1_63' title='bbox 910 2028 967 2115; x_wconf 85' lang='lat' dir='ltr'>(ci.</span> <span class='ocrx_word' id='word_1_64' title='bbox 985 2052 1060 2112; x_wconf 88' lang='lat' dir='ltr'>pag.</span> <span class='ocrx_word' id='word_1_65' title='bbox 1076 2038 1142 2114; x_wconf 83' lang='grc'>63),</span> <span class='ocrx_word' id='word_1_66' title='bbox 1168 2033 1342 2098; x_wconf 89' lang='lat' dir='ltr'>dubitatur</span> 
     </span>
     <span class='ocr_line' id='line_1_14' title="bbox 168 2138 1339 2217; baseline 0.001 -15"><span class='ocrx_word' id='word_1_67' title='bbox 168 2139 207 2202; x_wconf 92' lang='lat' dir='ltr'>de</span> <span class='ocrx_word' id='word_1_68' title='bbox 232 2138 397 2216; x_wconf 86' lang='lat' dir='ltr'>Sophocle</span> <span class='ocrx_word' id='word_1_69' title='bbox 433 2147 467 2203; x_wconf 89' lang='lat' dir='ltr'>et</span> <span class='ocrx_word' id='word_1_70' title='bbox 500 2138 539 2202; x_wconf 95' lang='lat' dir='ltr'>de</span> <span class='ocrx_word' id='word_1_71' title='bbox 575 2139 823 2202; x_wconf 86' lang='lat' dir='ltr'>recentioribus</span> <span class='ocrx_word' id='word_1_72' title='bbox 859 2139 929 2202; x_wconf 90' lang='lat' dir='ltr'>illis</span> <span class='ocrx_word' id='word_1_73' title='bbox 965 2140 1085 2216; x_wconf 89' lang='lat' dir='ltr'>poetis.</span> <span class='ocrx_word' id='word_1_74' title='bbox 1142 2140 1339 2217; x_wconf 87' lang='lat' dir='ltr'>Sophoclem</span> 
     </span>
     <span class='ocr_line' id='line_1_15' title="bbox 166 2244 1395 2328; baseline 0.001 -19"><span class='ocrx_word' id='word_1_75' title='bbox 166 2253 276 2311; x_wconf 90' lang='lat' dir='ltr'>autem</span> <span class='ocrx_word' id='word_1_76' title='bbox 303 2265 322 2310; x_wconf 93' lang='lat' dir='ltr'>a</span> <span class='ocrx_word' id='word_1_77' title='bbox 346 2246 444 2310; x_wconf 85' lang='lat' dir='ltr'>Livio</span> <span class='ocrx_word' id='word_1_78' title='bbox 470 2246 653 2310; x_wconf 87' lang='lat' dir='ltr'>adhibitum</span> <span class='ocrx_word' id='word_1_79' title='bbox 680 2263 752 2309; x_wconf 87' lang='lat' dir='ltr'>esse</span> <span class='ocrx_word' id='word_1_80' title='bbox 777 2254 811 2309; x_wconf 93' lang='lat' dir='ltr'>et</span> <span class='ocrx_word' id='word_1_81' title='bbox 835 2247 908 2324; x_wconf 87' lang='lat' dir='ltr'>ipsa</span> <span class='ocrx_word' id='word_1_82' title='bbox 932 2247 1152 2325; x_wconf 90' lang='lat' dir='ltr'>inscriptione</span> <span class='ocrx_word' id='word_1_83' title='bbox 1175 2244 1340 2328; x_wconf 89' lang='lat' dir='ltr'>(quamvis</span> <span class='ocrx_word' id='word_1_84' title='bbox 1394 2265 1395 2268; x_wconf 45' lang='lat'>¹</span> 
     </span>
     <span class='ocr_line' id='line_1_16' title="bbox 166 2349 1340 2433; baseline 0.002 -19"><span class='ocrx_word' id='word_1_85' title='bbox 166 2371 232 2415; x_wconf 90' lang='lat' dir='ltr'>non</span> <span class='ocrx_word' id='word_1_86' title='bbox 255 2372 274 2416; x_wconf 92' lang='lat' dir='ltr'>a</span> <span class='ocrx_word' id='word_1_87' title='bbox 299 2353 464 2432; x_wconf 89' lang='lat' dir='ltr'>Sophocle</span> <span class='ocrx_word' id='word_1_88' title='bbox 490 2351 642 2431; x_wconf 83' lang='lat' dir='ltr'>proiecta</span> <span class='ocrx_word' id='word_1_89' title='bbox 666 2349 724 2433; x_wconf 78' lang='lat' dir='ltr'>sit)</span> <span class='ocrx_word' id='word_1_90' title='bbox 750 2360 785 2415; x_wconf 91' lang='lat' dir='ltr'>et</span> <span class='ocrx_word' id='word_1_91' title='bbox 809 2371 847 2415; x_wconf 93' lang='lat' dir='ltr'>eo</span> <span class='ocrx_word' id='word_1_92' title='bbox 873 2353 1046 2432; x_wconf 82' lang='lat' dir='ltr'>probabile</span> <span class='ocrx_word' id='word_1_93' title='bbox 1071 2353 1228 2433; x_wconf 80' lang='lat' dir='ltr'>traditur,</span> <span class='ocrx_word' id='word_1_94' title='bbox 1254 2353 1340 2431; x_wconf 91' lang='lat' dir='ltr'>quod</span> 
     </span>
     <span class='ocr_line' id='line_1_17' title="bbox 167 2459 1341 2539; baseline 0.002 -17"><span class='ocrx_word' id='word_1_95' title='bbox 167 2459 254 2522; x_wconf 87' lang='lat' dir='ltr'>haud</span> <span class='ocrx_word' id='word_1_96' title='bbox 292 2460 453 2523; x_wconf 92' lang='lat' dir='ltr'>credibile</span> <span class='ocrx_word' id='word_1_97' title='bbox 491 2467 542 2523; x_wconf 90' lang='lat' dir='ltr'>est</span> <span class='ocrx_word' id='word_1_98' title='bbox 577 2459 708 2524; x_wconf 87' lang='lat' dir='ltr'>Livium</span> <span class='ocrx_word' id='word_1_99' title='bbox 745 2460 901 2539; x_wconf 87' lang='lat' dir='ltr'>neglecto</span> <span class='ocrx_word' id='word_1_100' title='bbox 939 2461 998 2522; x_wconf 94' lang='lat' dir='ltr'>illo</span> <span class='ocrx_word' id='word_1_101' title='bbox 1040 2460 1080 2524; x_wconf 93' lang='lat' dir='ltr'>ad</span> <span class='ocrx_word' id='word_1_102' title='bbox 1128 2460 1341 2524; x_wconf 87' lang='lat' dir='ltr'>obscuriores</span> 
     </span>
     <span class='ocr_line' id='line_1_18' title="bbox 167 2566 567 2645; baseline 0.003 -16"><span class='ocrx_word' id='word_1_103' title='bbox 167 2567 319 2645; x_wconf 84' lang='lat' dir='ltr'>tragicos</span> <span class='ocrx_word' id='word_1_104' title='bbox 345 2566 567 2630; x_wconf 88' lang='lat' dir='ltr'>descendisse.</span> 
     </span>
    </p>

    <p class='ocr_par' dir='ltr' id='par_1_5' title="bbox 167 2672 1339 2968">
     <span class='ocr_line' id='line_1_19' title="bbox 275 2672 1339 2754; baseline 0.003 -18"><span class='ocrx_word' id='word_1_105' title='bbox 275 2674 327 2736; x_wconf 81' lang='lat' dir='ltr'>Ex</span> <span class='ocrx_word' id='word_1_106' title='bbox 367 2672 571 2752; x_wconf 82' lang='lat' dir='ltr'>fragmentis</span> <span class='ocrx_word' id='word_1_107' title='bbox 610 2673 697 2737; x_wconf 91' lang='lat' dir='ltr'>nihil</span> <span class='ocrx_word' id='word_1_108' title='bbox 738 2673 925 2754; x_wconf 84' lang='lat' dir='ltr'>colligitur,</span> <span class='ocrx_word' id='word_1_109' title='bbox 965 2674 1031 2738; x_wconf 90' lang='lat' dir='ltr'>nisi</span> <span class='ocrx_word' id='word_1_110' title='bbox 1071 2674 1158 2753; x_wconf 93' lang='lat' dir='ltr'>quod</span> <span class='ocrx_word' id='word_1_111' title='bbox 1198 2675 1239 2738; x_wconf 81' lang='lat' dir='ltr'>fr.</span> <span class='ocrx_word' id='word_1_112' title='bbox 1260 2675 1294 2739; x_wconf 90' lang='lat' dir='ltr'>II</span> <span class='ocrx_word' id='word_1_113' title='bbox 1317 2672 1339 2754; x_wconf 90' lang='lat'>¹)</span> 
     </span>
     <span class='ocr_line' id='line_1_20' title="bbox 167 2779 1339 2861; baseline 0.003 -18"><span class='ocrx_word' id='word_1_114' title='bbox 167 2788 382 2861; x_wconf 86' lang='lat' dir='ltr'>„praestetur</span> <span class='ocrx_word' id='word_1_115' title='bbox 399 2781 471 2844; x_wconf 88' lang='lat' dir='ltr'>laus</span> <span class='ocrx_word' id='word_1_116' title='bbox 488 2780 621 2860; x_wconf 91' lang='lat' dir='ltr'>virtuti,</span> <span class='ocrx_word' id='word_1_117' title='bbox 639 2779 696 2842; x_wconf 89' lang='lat' dir='ltr'>sed</span> <span class='ocrx_word' id='word_1_118' title='bbox 714 2780 818 2844; x_wconf 91' lang='lat' dir='ltr'>multo</span> <span class='ocrx_word' id='word_1_119' title='bbox 837 2781 930 2844; x_wconf 91' lang='lat' dir='ltr'>ocius</span> <span class='ocrx_word' id='word_1_120' title='bbox 948 2800 1051 2846; x_wconf 86' lang='lat' dir='ltr'>verno</span> <span class='ocrx_word' id='word_1_121' title='bbox 1069 2782 1148 2860; x_wconf 88' lang='lat' dir='ltr'>gelu</span> <span class='ocrx_word' id='word_1_122' title='bbox 1171 2779 1339 2846; x_wconf 75' lang='lat' dir='ltr'>tabescit‘</span> 
     </span>
     <span class='ocr_line' id='line_1_21' title="bbox 167 2883 687 2968; baseline -0.004 -18"><span class='ocrx_word' id='word_1_123' title='bbox 167 2895 201 2951; x_wconf 91' lang='lat' dir='ltr'>et</span> <span class='ocrx_word' id='word_1_124' title='bbox 226 2887 381 2966; x_wconf 85' lang='lat' dir='ltr'>Sophocl.</span> <span class='ocrx_word' id='word_1_125' title='bbox 408 2888 461 2950; x_wconf 78' lang='grc' dir='ltr'>Αἰ.</span> <span class='ocrx_word' id='word_1_126' title='bbox 487 2906 517 2952; x_wconf 90' lang='lat' dir='ltr'>v.</span> <span class='ocrx_word' id='word_1_127' title='bbox 545 2883 687 2968; x_wconf 71' lang='lat' dir='ltr'>tatoli:</span> 
     </span>
    </p>

    <p class='ocr_par' dir='ltr' id='par_1_6' title="bbox 271 2985 1086 3076">
     <span class='ocr_line' id='line_1_22' title="bbox 271 2985 1086 3076; baseline 0 -22"><span class='ocrx_word' id='word_1_128' title='bbox 271 2995 355 3074; x_wconf 74' lang='lat' dir='ltr'>„pso</span> <span class='ocrx_word' id='word_1_129' title='bbox 385 2993 445 3054; x_wconf 79' lang='grc' dir='ltr'>τοῦ</span> <span class='ocrx_word' id='word_1_130' title='bbox 475 2987 637 3062; x_wconf 64' lang='grc' dir='ltr'><em>θανόντος</em></span> <span class='ocrx_word' id='word_1_131' title='bbox 666 2985 707 3059; x_wconf 77' lang='grc' dir='ltr'>ὥς</span> <span class='ocrx_word' id='word_1_132' title='bbox 738 2987 857 3070; x_wconf 77' lang='grc' dir='ltr'><em>ταχεῖα</em></span> <span class='ocrx_word' id='word_1_133' title='bbox 878 3014 925 3063; x_wconf 75' lang='grc' dir='ltr'>τις</span> <span class='ocrx_word' id='word_1_134' title='bbox 955 2997 1086 3076; x_wconf 77' lang='grc' dir='ltr'><em>βροτοῖς</em></span> 
     </span>
    </p>

    <p class='ocr_par' dir='ltr' id='par_1_7' title="bbox 161 3089 1338 3395">
     <span class='ocr_line' id='line_1_23' title="bbox 272 3089 985 3187; baseline 0.003 -27"><span class='ocrx_word' id='word_1_135' title='bbox 272 3095 363 3182; x_wconf 79' lang='grc' dir='ltr'><em>χάρις</em></span> <span class='ocrx_word' id='word_1_136' title='bbox 395 3089 521 3187; x_wconf 65' lang='grc' dir='ltr'><em>διαρξἳὲῑ</em></span> <span class='ocrx_word' id='word_1_137' title='bbox 542 3099 596 3160; x_wconf 82' lang='grc' dir='ltr'>καὶ</span> <span class='ocrx_word' id='word_1_138' title='bbox 621 3091 777 3180; x_wconf 77' lang='lat' dir='ltr'>npododn’</span> <span class='ocrx_word' id='word_1_139' title='bbox 801 3091 985 3162; x_wconf 80' lang='grc' dir='ltr'><em>αλίσκεναο“</em></span> 
     </span>
     <span class='ocr_line' id='line_1_24' title="bbox 166 3207 1338 3288; baseline 0 -17"><span class='ocrx_word' id='word_1_140' title='bbox 166 3209 263 3286; x_wconf 89' lang='lat' dir='ltr'>plane</span> <span class='ocrx_word' id='word_1_141' title='bbox 310 3207 447 3272; x_wconf 91' lang='lat' dir='ltr'>eundem</span> <span class='ocrx_word' id='word_1_142' title='bbox 497 3210 659 3288; x_wconf 88' lang='lat' dir='ltr'>praebent</span> <span class='ocrx_word' id='word_1_143' title='bbox 694 3225 836 3288; x_wconf 88' lang='lat' dir='ltr'>sensnm,</span> <span class='ocrx_word' id='word_1_144' title='bbox 874 3216 910 3273; x_wconf 91' lang='lat' dir='ltr'>ut</span> <span class='ocrx_word' id='word_1_145' title='bbox 934 3210 1022 3273; x_wconf 92' lang='lat' dir='ltr'>alter</span> <span class='ocrx_word' id='word_1_146' title='bbox 1045 3209 1139 3274; x_wconf 89' lang='lat' dir='ltr'>locus</span> <span class='ocrx_word' id='word_1_147' title='bbox 1163 3227 1205 3272; x_wconf 87' lang='lat' dir='ltr'>ex</span> <span class='ocrx_word' id='word_1_148' title='bbox 1229 3209 1338 3272; x_wconf 92' lang='lat' dir='ltr'>altero</span> 
     </span>
     <span class='ocr_line' id='line_1_25' title="bbox 161 3315 578 3395; baseline 0 -18"><span class='ocrx_word' id='word_1_149' title='bbox 161 3315 339 3381; x_wconf 81' lang='lat' dir='ltr'>derivatus</span> <span class='ocrx_word' id='word_1_150' title='bbox 364 3333 436 3379; x_wconf 88' lang='lat' dir='ltr'>esse</span> <span class='ocrx_word' id='word_1_151' title='bbox 462 3315 578 3395; x_wconf 89' lang='lat' dir='ltr'>possit.</span> 
     </span>
    </p>
   </div>
   <div class='ocr_carea' id='block_1_5' title="bbox 602 3651 909 3737">
    <p class='ocr_par' dir='ltr' id='par_1_8' title="bbox 602 3651 909 3737">
     <span class='ocr_line' id='line_1_26' title="bbox 602 3651 909 3737; baseline -0.007 -17"><span class='ocrx_word' id='word_1_152' title='bbox 602 3651 711 3737; x_wconf 78' lang='lat' dir='ltr'>Equus</span> <span class='ocrx_word' id='word_1_153' title='bbox 734 3651 909 3719; x_wconf 82' lang='lat' dir='ltr'>Troianus.</span> 
     </span>
    </p>
   </div>
   <div class='ocr_carea' id='block_1_6' title="bbox 164 3815 1336 4110">
    <p class='ocr_par' dir='ltr' id='par_1_9' title="bbox 164 3815 1336 4110">
     <span class='ocr_line' id='line_1_27' title="bbox 273 3815 1336 3894; baseline -0.003 -14"><span class='ocrx_word' id='word_1_154' title='bbox 273 3819 472 3882; x_wconf 71' lang='lat' dir='ltr'>Accusatius</span> <span class='ocrx_word' id='word_1_155' title='bbox 498 3818 537 3882; x_wconf 93' lang='lat' dir='ltr'>de</span> <span class='ocrx_word' id='word_1_156' title='bbox 562 3818 624 3881; x_wconf 86' lang='lat' dir='ltr'>hac</span> <span class='ocrx_word' id='word_1_157' title='bbox 641 3816 755 3880; x_wconf 85' lang='lat' dir='ltr'>fabula</span> <span class='ocrx_word' id='word_1_158' title='bbox 771 3824 893 3894; x_wconf 86' lang='lat' dir='ltr'>agetur</span> <span class='ocrx_word' id='word_1_159' title='bbox 910 3816 944 3878; x_wconf 91' lang='lat' dir='ltr'>in</span> <span class='ocrx_word' id='word_1_160' title='bbox 958 3815 1063 3880; x_wconf 89' lang='lat' dir='ltr'>Naevi</span> <span class='ocrx_word' id='word_1_161' title='bbox 1075 3815 1172 3893; x_wconf 80' lang='lat' dir='ltr'>Equo</span> <span class='ocrx_word' id='word_1_162' title='bbox 1190 3816 1336 3879; x_wconf 79' lang='lat' dir='ltr'>Troiano</span> 
     </span>
     <span class='ocr_line' id='line_1_28' title="bbox 164 3920 1336 4020; baseline -0.002 -34"><span class='ocrx_word' id='word_1_163' title='bbox 164 3923 400 4003; x_wconf 89' lang='lat' dir='ltr'>perlustrando</span> <span class='ocrx_word' id='word_1_164' title='bbox 426 3922 481 4006; x_wconf 84' lang='lat' dir='ltr'>(cf.</span> <span class='ocrx_word' id='word_1_165' title='bbox 507 3941 582 4005; x_wconf 85' lang='lat' dir='ltr'>pag.</span> <span class='ocrx_word' id='word_1_166' title='bbox 598 3920 665 4007; x_wconf 88' lang='lat'>31).</span> <span class='ocrx_word' id='word_1_167' title='bbox 702 3923 741 3987; x_wconf 93' lang='lat' dir='ltr'>Id</span> <span class='ocrx_word' id='word_1_168' title='bbox 758 3931 885 4020; x_wconf 86' lang='lat' dir='ltr'>tautum</span> <span class='ocrx_word' id='word_1_169' title='bbox 904 3923 966 3986; x_wconf 93' lang='lat' dir='ltr'>hoc</span> <span class='ocrx_word' id='word_1_170' title='bbox 988 3922 1063 3985; x_wconf 92' lang='lat' dir='ltr'>loco</span> <span class='ocrx_word' id='word_1_171' title='bbox 1089 3921 1336 4003; x_wconf 85' lang='lat' dir='ltr'>affirmaverim,</span> 
     </span>
     <span class='ocr_line' id='line_1_29' title="bbox 164 4028 1268 4110; baseline -0.003 -16"><span class='ocrx_word' id='word_1_172' title='bbox 164 4031 240 4095; x_wconf 85' lang='lat' dir='ltr'>Livi</span> <span class='ocrx_word' id='word_1_173' title='bbox 265 4031 473 4110; x_wconf 83' lang='lat' dir='ltr'>tragoediam</span> <span class='ocrx_word' id='word_1_174' title='bbox 499 4030 708 4095; x_wconf 81' lang='lat' dir='ltr'>referendam</span> <span class='ocrx_word' id='word_1_175' title='bbox 733 4029 842 4095; x_wconf 87' lang='lat' dir='ltr'>videri</span> <span class='ocrx_word' id='word_1_176' title='bbox 867 4030 907 4094; x_wconf 91' lang='lat' dir='ltr'>ad</span> <span class='ocrx_word' id='word_1_177' title='bbox 932 4028 1106 4108; x_wconf 79' lang='lat' dir='ltr'>Euripidis</span> <span class='ocrx_word' id='word_1_178' title='bbox 1130 4029 1268 4108; x_wconf 76' lang='lat' dir='ltr'>llpeum.</span> 
     </span>
    </p>
   </div>
   <div class='ocr_carea' id='block_1_7' title="bbox 218 4193 376 4204">
    <p class='ocr_par' dir='ltr' id='par_1_10' title="bbox 218 4193 376 4204">
     <span class='ocr_line' id='line_1_30' title="bbox 218 4193 376 4204; baseline 0.013 -2"><span class='ocrx_word' id='word_1_179' title='bbox 218 4193 376 4204; x_wconf 67' lang='lat' dir='ltr'>———-—A</span> 
     </span>
    </p>
   </div>
   <div class='ocr_carea' id='block_1_8' title="bbox 162 4257 1335 4419">
    <p class='ocr_par' dir='ltr' id='par_1_11' title="bbox 162 4257 1335 4419">
     <span class='ocr_line' id='line_1_31' title="bbox 271 4257 1335 4328; baseline 0.001 -15"><span class='ocrx_word' id='word_1_180' title='bbox 271 4262 297 4328; x_wconf 88' lang='lat'>1)</span> <span class='ocrx_word' id='word_1_181' title='bbox 317 4259 483 4313; x_wconf 75' lang='lat' dir='ltr'>incitandis</span> <span class='ocrx_word' id='word_1_182' title='bbox 505 4259 626 4328; x_wconf 88' lang='lat' dir='ltr'>reliquiis</span> <span class='ocrx_word' id='word_1_183' title='bbox 653 4274 750 4327; x_wconf 78' lang='lat' dir='ltr'>sequar</span> <span class='ocrx_word' id='word_1_184' title='bbox 777 4257 906 4313; x_wconf 86' lang='lat' dir='ltr'>Ribbecki</span> <span class='ocrx_word' id='word_1_185' title='bbox 935 4257 1128 4326; x_wconf 75' lang='lat' dir='ltr'>„Tragicoruuu</span> <span class='ocrx_word' id='word_1_186' title='bbox 1153 4258 1335 4317; x_wconf 79' lang='lat' dir='ltr'>Romanorum</span> 
     </span>
     <span class='ocr_line' id='line_1_32' title="bbox 162 4347 525 4419; baseline 0 -17"><span class='ocrx_word' id='word_1_187' title='bbox 162 4347 334 4416; x_wconf 80' lang='lat' dir='ltr'>fragmenta“</span> <span class='ocrx_word' id='word_1_188' title='bbox 353 4349 426 4419; x_wconf 67' lang='lat' dir='ltr'>Ilipa.</span> <span class='ocrx_word' id='word_1_189' title='bbox 447 4349 525 4404; x_wconf 86' lang='grc'><strong>1871.</strong></span> 
     </span>
    </p>
   </div>
   <div class='ocr_carea' id='block_1_9' title="bbox 0 0 1608 5080">
    <p class='ocr_par' dir='ltr' id='par_1_12' title="bbox 0 0 1608 5080">
     <span class='ocr_line' id='line_1_33' title="bbox 0 0 1608 5080; baseline 0 2"><span class='ocrx_word' id='word_1_190' title='bbox 0 0 1608 5080; x_wconf 95' lang='lat' dir='ltr'> </span> 
     </span>
    </p>
   </div>
  </div>
 </body>
</html>
