3208 5080
587 443 807 516 ..pg..⁴

112 656 342 726 argumentum
363 648 519 713 habuisse
542 646 725 711 credendus
747 654 798 711 est
820 655 920 725 atque
937 646 1111 725 Euripidis
1128 639 1285 726 Ἀλκμέων·

112 749 366 836 occoeperat-¹),
415 763 451 818 ut
494 755 680 819 Salomonis
722 747 910 833 glossarum
951 755 1145 819 testimonio
1186 757 1284 820 nixus

111 861 305 941 Euripidem
331 861 516 927 adhibitum
536 880 609 926 esse
628 862 825 942 existimem,
849 880 914 925 non
931 862 1164 945 Theodectem,
1190 864 1285 927 cuius

110 968 176 1032 fait
200 961 359 1047 Ἀλκμέων
384 968 531 1032 eiusdem
557 969 747 1047 argumenti
771 967 894 1032 fabula.

217 1077 331 1154 Neque
355 1076 463 1139 minus
488 1095 583 1154 quam
609 1075 648 1140 de
673 1075 848 1153 Euripidis
873 1075 912 1139 de
936 1077 1128 1141 Aristarchi
1161 1076 1285 1142 fabulis

110 1183 151 1246 ab
180 1183 288 1246 Ennio
320 1185 430 1249 versis
462 1184 656 1249 testimonia
688 1190 814 1264 extant,
847 1201 919 1247 cum
951 1184 1002 1246 bis
1036 1185 1109 1248 eius
1133 1185 1285 1249 Achilles

112 1289 345 1370 ‚,Aristarchi“
373 1275 659 1358 commemoretur.

216 1398 269 1461 Ex
293 1398 498 1475 reliquarum
514 1398 615 1461 Ennii
632 1396 884 1476 tragoediarum
901 1389 1037 1462 numero
1055 1399 1141 1463 certi
1157 1399 1286 1478 aliquid

109 1502 256 1581 proferri
288 1512 401 1582 potest
432 1504 470 1568 de
496 1503 745 1586 Eumenidinus,
778 1523 862 1582 quae
888 1523 928 1568 ex
952 1505 1120 1585 Aeschylo
1146 1506 1285 1571 haustae

109 1617 197 1675 sunt.
237 1611 330 1674 Nihil
355 1612 486 1675 omnino
512 1612 682 1690 cognitum
706 1611 864 1676 habemus
889 1610 929 1675 de
947 1612 1079 1675 Achille
1099 1613 1219 1694 altero,
1244 1612 1284 1677 de

108 1718 243 1798 Nemea,
280 1717 320 1782 de
353 1718 571 1797 Cresphonte,
607 1719 672 1782 nisi
710 1717 797 1796 quod
833 1718 1008 1796 Euripidis
1043 1718 1166 1801 fabula,
1201 1738 1285 1798 quae

109 1824 336 1902 Cresphontes
371 1826 535 1903 inscripta
571 1834 655 1905 erat,
690 1825 800 1889 Ennio
837 1827 1011 1903 proposita
1045 1844 1111 1889 non
1135 1834 1219 1909 erat,
1256 1829 1285 1892 si

108 1931 206 1994 modo
230 1939 323 1996 recte
348 1931 513 1997 iudicavit
536 1932 767 2010 Ribbeckil.

217 2039 360 2103 Restant
384 2039 501 2120 igitur,
527 2057 608 2118 quas
633 2047 892 2122 perscrutemur,
917 2040 979 2104 hae
1003 2040 1157 2106 fabulae:

270 2145 459 2227 Iphigenia,
484 2147 642 2210 Hectoris
664 2146 764 2228 lutra,
783 2148 880 2228 Aiax,
898 2147 1044 2228 Telamo,
1062 2147 1282 2230 Andromeda,

270 2253 440 2316 Athamas.

612 2569 786 2656 lphipenla.

215 2753 322 2816 Huius
346 2751 480 2816 fabulae
506 2751 669 2817 Graecum
695 2754 865 2832 exemplar
881 2754 1056 2834 Euripidis
1072 2754 1281 2835 Iphigeniam

104 2858 212 2923 fnisse
249 2867 283 2922 et
317 2876 358 2922 ax
394 2857 593 2936 fragmentis
627 2859 738 2923 elucet
766 2868 801 2923 et
824 2862 865 2924 ab
891 2862 1042 2926 omnibus
1065 2863 1150 2926 viris
1174 2862 1283 2927 doctis

106 2966 393 3044 comprohaturssl.
434 2966 556 3029 Verum
581 2966 752 3031 enimvero
777 2975 864 3048 sunt,
890 2987 974 3046 quac
999 2968 1081 3032 adeo
1107 2968 1284 3034 dissimilia

104 3072 286 3138 videantur
316 3071 449 3136 fabulae
474 3071 689 3154 Euripideae,
721 3081 759 3138 ut
783 3073 955 3156 Bergk4)
980 3076 1046 3139 sihi
1076 3077 1285 3153 persuaserit

104 3179 252 3244 Ennium
277 3183 414 3256 p'raeter
429 3178 605 3257 Euripidis
629 3180 729 3244 aliam
747 3200 878 3260 quoque
896 3181 1058 3248 Graecam
1075 3182 1283 3260 tragoediam

104 3285 300 3350 adhibuisse
325 3303 462 3364 eamque
480 3286 708 3364 Sophocleam.
749 3289 841 3353 Haec
866 3290 952 3354 euim
970 3290 1044 3354 loca
1061 3307 1101 3353 ex
1119 3288 1284 3368 Sophocle

104 3392 244 3456 fluxisse
270 3393 458 3458 contendit:

216 3675 242 3737 l)
262 3673 295 3728 cf.
315 3673 369 3728 Cic.
391 3673 472 3727 Acad.
492 3673 573 3742 prior.
593 3674 630 3740 II,
649 3676 693 3740 28,
712 3675 747 3730 89
766 3675 866 3730 verbe:

448 3779 524 3831 „cum
543 3763 660 3832 virginis
680 3763 758 3819 fldem
778 3762 950 3833 imploraret“

103 3852 122 3907 i.
144 3867 168 3907 e.
188 3851 319 3907 Arsinoae
338 3852 381 3907 vel
403 3852 603 3921 Alphesiboeae.

213 3959 242 4024 2)
261 3959 278 4012 l.
298 3959 315 4014 l.
335 3974 396 4029 pag.
419 3961 468 4014 ter
497 3976 554 4030 sqq.
597 3959 728 4029 hadewig
754 3965 849 4014 contra
867 3960 884 4014 l.
904 3959 921 4014 l.
946 3975 1008 4030 pag.
1029 3964 1054 4016 5.
1091 3960 1285 4029 Cresphontem

105 4045 246 4116 Euripidis
266 4063 425 4104 conversum
444 4048 531 4104 videri
551 4047 678 4103 affirmat.

215 4160 243 4216 3)
263 4155 345 4211 Velut
357 4173 374 4210 a
386 4156 539 4211 Duentaero
558 4157 605 4222 (ll.
619 4157 708 4212 Rhea.
721 4157 747 4212 V
760 4159 855 4222 (1837)
868 4172 931 4227 pag.
944 4158 996 4211 442
1010 4164 1092 4225 sqq.l;
1112 4174 1129 4211 a
1145 4156 1287 4212 Welolrero

107 4245 153 4300 l.l.
173 4261 236 4316 pag,
260 4246 324 4313 1003
344 4260 361 4299 a
378 4245 497 4315 Berglrio
515 4246 533 4299 l.
547 4245 565 4300 1.
585 4261 647 4316 pag.
666 4247 719 4301 226
738 4262 810 4315 aqq.;
830 4263 847 4300 a
865 4246 1010 4302 Riboecldo
1029 4246 1078 4300 1.1.
1097 4262 1160 4315 pag.
1175 4247 1208 4300 94
1227 4261 1284 4314 sqq.

215 4354 243 4416 4)
262 4352 294 4406 In
315 4351 547 4408 Corumeutatioue
570 4352 603 4407 de
621 4351 782 4423 fragmentis
801 4351 947 4423 Sophoclis,
975 4353 1049 4422 lips.
1068 4354 1148 4420 1833,
1166 4368 1230 4422 pag.
1252 4356 1285 4410 15

107 4444 137 4496 et
155 4441 183 4496 in
202 4441 314 4508 „Kleiue
333 4441 424 4511 philol.
443 4441 596 4497 Schriften“
614 4443 629 4496 I
646 4457 711 4512 pag.
729 4443 782 4497 229
801 4459 857 4512 sqq.
