3208 5080
772 447 990 512 ..30-

295 637 415 704 Obstat
431 637 654 720 fragmentum
670 641 823 724 primum,
848 641 935 722 quod
958 641 1098 721 Epicuri
1123 640 1308 708 doctrinam
1332 641 1464 721 sapiens

293 755 459 826 repugnat
505 744 650 812 eiusdem
691 748 880 814 'Pela-monis
916 751 1046 831 verbis,
1089 769 1226 828 quorum
1265 745 1388 814 mentio
1428 749 1465 813 iit

293 855 408 920 Aiacis
432 871 463 920 v.
490 857 572 919 764:

1175 956 1286 1046 „dipsa

458 1060 576 1149 βούλου
600 1076 733 1151 κρατεῖν
756 1071 830 1154 μέν,
855 1062 914 1134 σὺν
938 1070 1007 1156 1εῷ
1029 1063 1112 1133 δὀἶεὶ
1136 1071 1300 1153 κρατεῑνίό.
1402 1059 1404 1064 ’

401 1173 464 1242 Sed
481 1174 673 1259 Sophocles,
692 1178 747 1242 ubl
773 1177 807 1244 in
832 1175 958 1244 duabus
982 1179 1105 1244 fabulis
1129 1178 1264 1243 eandem
1290 1195 1463 1256 personam

293 1279 479 1365 induxerat,
504 1302 569 1349 non
593 1282 642 1349 ita
666 1285 763 1350 anxie
789 1285 934 1364 priorem
959 1284 1102 1351 fabulam
1128 1286 1299 1364 respicere
1323 1283 1463 1364 solebat,

292 1399 340 1470 ut,
358 1389 517 1469 quidquid
531 1392 591 1455 illa
604 1410 748 1470 persona
764 1395 896 1474 agebat,
914 1392 1073 1472 quidquid
1091 1394 1268 1472 sentiebat,
1287 1392 1464 1470 utrobique

293 1506 509 1577 congrueret,
543 1498 601 1562 sed
635 1501 766 1564 veritus
798 1519 863 1564 non
888 1508 940 1565 est
965 1499 1032 1564 alia
1061 1500 1176 1564 fabula
1207 1500 1285 1564 aliis
1315 1498 1465 1562 moribus

291 1605 476 1682 praeditam
502 1625 572 1670 eam
597 1605 767 1689 effingere,
792 1608 886 1672 velut
911 1609 1085 1673 Creontem
1111 1605 1282 1685 Oedipode
1306 1606 1400 1685 Rege
1426 1613 1475 1700 11,

292 1711 468 1791 Oedipode·
492 1713 646 1778 Colonen.
695 1716 741 1779 At
770 1724 808 1779 ut
837 1723 930 1780 recte
966 1716 1151 1779 coniectum
1181 1715 1228 1778 sit
1251 1713 1462 1777 Telamonem

291 1838 363 1883 cnm
381 1821 485 1885 Aiace
503 1828 537 1884 et
553 1821 725 1901 Eurysace
741 1823 902 1902 trilogiae
919 1823 1053 1886 vinculo
1080 1822 1291 1886 coniunctum
1315 1819 1461 1899 fnisse),

291 1925 431 1991 licuitne
458 1927 615 2004 Sophocli
640 1929 831 1994 Telamonis
855 1946 1030 2008 personam
1055 1929 1154 1993 eliam
1179 1927 1337 1992 inducere
1362 1934 1463 2005 atque

290 2033 405 2097 Aiacis
422 2034 496 2097 loco
514 2034 574 2097 illo
592 2034 871 2115 significaverat?
910 2036 982 2100 Non
999 2034 1208 2100 crediderim.
1249 2034 1464 2098 'laetificatur

289 2140 398 2220 igitur
421 2139 642 2218 fragmentum
675 2143 815 2220 primum
840 2143 982 2207 Ennium
1015 2143 1191 2220 Sophoclis
1219 2142 1367 2218 vestigia
1396 2160 1463 2204 non

290 2248 465 2329 pressisse,
490 2247 720 2313 -dummodo
746 2251 887 2330 trilogia
911 2249 971 2314 illa
994 2248 1172 2315 statuenda
1197 2250 1252 2314 sit.
1300 2247 1364 2313 Sed
1380 2249 1462 2312 haec

289 2355 363 2432 ipsa
395 2354 502 2420 adhuc
533 2358 593 2420 sub
626 2357 736 2421 iudice
769 2358 812 2422 lis
845 2366 907 2423 est.
954 2358 1072 2436 ltaque
1097 2356 1263 2421 dubitatio
1287 2362 1399 2420 manet
1422 2353 1462 2418 de

290 2461 454 2539 Sophocle
478 2472 627 2531 auctore.

395 2570 520 2652 Neque,
535 2587 594 2635 cur
606 2572 707 2636 alium
719 2573 883 2637 Graecum
896 2580 1028 2650 poetam
1041 2571 1280 2651 praeferamus,
1293 2571 1461 2634 habemns.

292 2678 470 2756 Sagaciter
494 2679 625 2757 quidem
650 2680 874 2760 Welcker2)
900 2681 1096 2746 observasse
1120 2677 1256 2744 videtur
1272 2677 1462 2742 Telamonis

289 2786 393 2850 verba
423 2784 533 2870 (11.1)
565 2786 760 2865 Euripidem
791 2788 953 2870 resipere,
988 2795 1024 2852 ut
1056 2788 1244 2864 glossarum
1275 2784 1462 2850 Salomonis

285 2910 451 2956 memores
484 2894 585 2957 facile
615 2894 825 2976 adducamur,
857 2903 894 2960 11
918 2895 1101 2959 Ennianam
1126 2893 1271 2958 fabulam
1296 2891 1335 2956 ad
1360 2892 1460 2955 Euri·

289 2998 397 3076 pidem
429 3000 622 3066 referamus.
671 3001 734 3067 Sed
766 3021 873 3081 neque
897 3000 1092 3079 Euripidem
1121 3002 1206 3066 hanc
1229 2999 1402 3064 materiem
1428 2999 1461 3062 in

289 3123 420 3170 scenam
446 3108 627 3184 protulisse
651 3117 764 3173 notum
790 3118 842 3174 111
858 3127 964 3188 neque
981 3108 1106 3172 talibus
1124 3107 1307 3172 enuntietis
1323 3106 1460 3170 nimium

288 3215 476 3279 attribuere
499 3233 673 3292 possumus
693 3217 860 3280 momenti.
892 3214 1065 3282 Proferam
1082 3215 1225 3294 exempli
1243 3232 1343 3279 causa
1358 3215 1461 3279 verba

488 3317 543 3404 „cd
568 3314 728 3401 μαντικὸν
752 3316 811 3406 γὰρ
834 3325 905 3386 πᾶν
927 3317 1128 3406 φιλάργυρον
1153 3323 1260 3400 γένος“

287 3431 336 3494 Ne
372 3430 458 3494 hunc
494 3429 624 3508 quidem
660 3449 793 3495 versum
821 3431 977 3509 Euripidi
1013 3431 1186 3509 impertire
1222 3430 1458 3495 dubitaremus.

288 3539 444 3616 Sumptus
469 3555 549 3602 vero
575 3545 626 3602 est
651 3538 690 3602 de
715 3538 890 3618 Sophoclis
914 3540 1085 3618 Antigona
1110 3535 1154 3620 (v.
1182 3537 1291 3616 1055).

394 3645 466 3708 Non
502 3646 767 3723 praetermittam
803 3646 902 3710 aliam
942 3646 1113 3712 Welckeri
1150 3645 1337 3723 opinionem
1375 3662 1459 3707 com·

287 3769 482 3832 memorare,
516 3753 638 3830 quippe
671 3772 755 3831 quae
785 3754 858 3832 ipsa
882 3772 1011 3832 qnoque
1037 3753 1161 3832 glossis
1186 3751 1372 3816 Salomonis
1396 3750 1458 3815 ful·

288 3859 406 3924 cietur.
455 3860 650 3938 Suspicatus
676 3869 728 3925 est
750 3861 893 3925 Ennium
918 3860 1101 3924 recentiori
1127 3858 1255 3923 cuidam
1280 3866 1399 3937 poetae
1424 3875 1459 3921 se

287 3965 490 4046 adiunxisse,
526 3967 617 4031 inter
652 3986 734 4047 quos
768 3969 836 4033 Jon
868 3975 902 4032 et
925 3967 1145 4031 Nicomachus
1170 3965 1290 4030 Teucri
1315 3965 1458 4028 reditum

284 4079 529 4138 tractaverunt.
600 4075 723 4138 Verum
770 4091 965 4154 quamquam
1012 4074 1145 4152 glossae
1193 4073 1379 4139 Salomonis
1425 4078 1459 4134 et

395 4266 421 4330 1)
441 4266 474 4320 cf.
494 4267 583 4321 christ
604 4268 782 4335 „Geschichte
802 4266 851 4322 dor
869 4263 1053 4339 griechischen
1074 4265 1242 4326 Litteratnr“
1259 4266 1300 4325 11.
1326 4265 1355 4322 11
1382 4264 1459 4333 1890,

285 4372 347 4431 pag.
368 4356 430 4412 203.

392 4447 420 4514 2)
439 4447 456 4501 l.
476 4448 494 4502 l.
511 4463 574 4517 pag.
597 4448 657 4502 197,
