3208 5080
784 415 1003 480 ...32-

416 607 555 675 Ovidius
584 604 674 692 (fast.
710 609 764 691 Vl,
789 613 852 674 479
879 609 964 694 sqq.)
1001 618 1118 676 narrat
1153 607 1302 688 Inonem,
1348 626 1419 673 cum
1450 607 1481 672 in

307 730 397 780 mare
433 713 637 792 desiluisset,
673 735 693 780 a
728 714 926 782 Nereidibus
963 734 1034 782 cum
1059 715 1237 781 Melicerta
1272 715 1313 780 ad
1350 717 1479 780 Tiberis

308 821 429 886 ostium
477 819 608 888 ductam
656 839 728 886 esse
776 820 815 887 ad
856 823 1005 889 Semelae
1052 825 1116 889 vel·
1151 823 1313 888 Stimulae
1361 823 1478 886 lucum.

307 927 486 994 Maenadas
519 938 629 994 autem
662 949 681 993 a
711 930 836 994 Iunone
866 932 1025 996 incitatas
1050 948 1120 995 eam
1145 947 1326 1009 aggressae
1350 946 1423 992 esse
1448 938 1481 993 et

307 1053 410 1112 puero
435 1035 640 1114 spoliaturas
665 1037 780 1118 luisse,
805 1039 870 1102 nisi
888 1038 1051 1102 Hercules
1076 1038 1116 1101 ab
1135 1037 1302 1101 Aventino
1321 1036 1479 1100 auxilinm

306 1141 454 1207 tulisset.
480 1142 574 1209 Unde
592 1142 732 1208 Ovidius
750 1146 832 1208 llaec
849 1146 1011 1226 hauserit,
1030 1163 1224 1223 quemquam
1242 1161 1306 1207 non
1323 1144 1481 1222 traditur,

306 1255 416 1312 tamen
446 1250 608 1314 Graecam
640 1251 848 1328 tragoediam
882 1253 913 1316 ei
945 1253 1096 1330 exemplo
1129 1269 1193 1314 non
1223 1249 1328 1315 fuisse
1361 1250 1479 1314 elucet.

309 1355 481 1433 Suspicari
520 1375 601 1422 vero
641 1358 723 1422 licet
761 1359 928 1437 tragicum
969 1358 1127 1436 quendam
1169 1358 1362 1437 Romanum,
1411 1375 1480 1420 cum

308 1470 457 1527 verteret
488 1465 521 1527 in
553 1465 691 1529 latinam
724 1464 933 1544 tragoediam
963 1465 1077 1529 Inonis
1117 1472 1151 1528 et
1174 1465 1371 1528 Melicertae
1402 1463 1481 1534 fata,

307 1587 372 1632 non
408 1579 598 1636 contentum
636 1572 740 1636 fuisse
766 1572 888 1636 Graeci
924 1570 1084 1636 dramatis
1120 1572 1194 1652 fine,
1231 1570 1288 1634 sed
1314 1571 1484 1649 exipsius

308 1675 454 1759 ingenio,
492 1696 575 1757 qirae
612 1687 686 1742 erat
722 1677 760 1743 de
797 1680 958 1744 Stimulae
995 1680 1069 1742 luco
1107 1679 1211 1743 latina
1247 1677 1371 1759 fabula,
1412 1697 1482 1742 eam

309 1783 438 1848 Graeco
477 1786 617 1850 dramati
654 1784 830 1864 adaptasse
865 1794 899 1850 et
934 1787 1143 1850 annexuisse.
1191 1786 1284 1849 Talis
1308 1784 1485 1864 tragoedia

310 1891 416 1954 latina
440 1893 468 1956 si
494 1894 621 1971 scripta
645 1900 698 1958 est
780 1912 890 1957 merae
916 1902 1026 1958 autem
1052 1893 1254 1970 suspicionis
1279 1892 1359 1956 fines
1383 1893 1484 1956 relin-

312 2016 413 2076 quere
437 2018 502 2063 non
526 2001 632 2063 ausim
651 2035 703 2080 -—‚
728 2019 792 2064 non
817 1999 932 2064 dubito
959 2000 1037 2079 quin
1062 1999 1138 2063 inde
1156 1998 1297 2064 Ovidius
1321 1998 1484 2062 l'astorum

310 2107 535 2170 narrationem
572 2106 827 2186 deprompserit.
874 2107 955 2172 Nam
990 2107 1121 2171 fabulas
1149 2107 1315 2171 Romanas
1351 2105 1485 2182 saepius

213 2245 214 2249 =
310 2213 351 2275 ab
376 2212 496 2277 Ovidio
521 2212 690 2279 adhibitas
714 2231 787 2278 esse
811 2215 952 2279 Pacuvii
973 2215 1122 2279 Pentheo
1148 2212 1309 2278 credibile
1334 2212 1380 2277 fit.
1420 2213 1485 2276 Hic

311 2319 397 2382 eninr
433 2338 505 2383 cum
543 2321 666 2385 ceteris
702 2322 802 2386 rebus
838 2321 936 2400 plane
973 2322 1161 2386 consentiat
1202 2338 1274 2384 cum
1310 2317 1485 2396 Euripidis

310 2426 463 2509 Bacchis
493 2446 558 2491 una
581 2445 619 2492 re
645 2429 685 2492 ab
711 2429 760 2492 eis
784 2429 914 2492 alienus
939 2436 1000 2510 est,
1034 2426 1120 2506 quod
1144 2446 1210 2491 non
1233 2427 1396 2508 Bacchus,
1426 2425 1486 2489 sed

311 2533 465 2614 Acoetes,
491 2553 574 2598 unus
599 2553 639 2598 ex
664 2536 737 2598 eius
770 2536 965 2616 comitibus,
999 2534 1190 2599 aPentheo
1215 2535 1356 2612 capitur.
1392 2533 1486 2596 Haec

311 2647 420 2704 autem
445 2642 557 2706 versio
583 2643 774 2706 Pacuviano
798 2643 970 2707 invenitur
994 2643 1093 2705 etiam
1124 2641 1210 2720 apud
1236 2640 1402 2719 Ovidium,
1428 2639 1486 2717 qui

309 2747 381 2825 ipse
406 2767 536 2827 quoque
561 2757 674 2813 cetera
692 2750 807 2812 omnia·
820 2750 869 2813 sic
887 2749 1039 2827 depingit
1057 2757 1093 2812 ut
1110 2747 1290 2826 Euripides
1308 2747 1364 2826 (cf.
1383 2747 1485 2810 etiam

307 2854 719 2936 Metam.111,tmsqq.),
745 2864 870 2920 utnon
894 2855 1069 2934 Euripidis
1093 2855 1150 2919 sed
1173 2855 1313 2920 Pacuvii
1336 2854 1486 2919 Baccha-

308 2980 380 3025 rum
407 2961 561 3027 Ovidium
585 2963 749 3027 rationem
775 2964 898 3028 habere
922 2971 1093 3042 appareat.

415 3106 534 3170 Utrum
580 3115 691 3171 tamen
738 3108 836 3172 Livio
883 3107 1133 3187 praetermisso,
1186 3106 1242 3184 qui
1288 3105 1357 3169 tale
1404 3103 1485 3183 quid

310 3213 486 3277 innovasse
528 3213 768 3278 existimandus
808 3234 872 3278 non
911 3222 973 3295 est,
1013 3215 1142 3278 Ennius
1177 3233 1218 3277 an
1250 3211 1385 3292 Accius
1426 3212 1485 3290 qui

311 3320 543 3385 Athamantem
579 3321 724 3385 fabulam
761 3331 901 3400 uterque
931 3323 1149 3401 scripserunt,
1187 3320 1350 3385 Graecum
1375 3337 1486 3382 exem-

307 3428 396 3505 plum
422 3429 482 3509 sic,
508 3437 544 3493 ut
569 3447 670 3507 supra
695 3430 845 3510 exposui,
870 3431 1052 3494 mutaverit
1076 3429 1131 3493 vel
1148 3428 1291 3507 auxerit,
1317 3424 1483 3506 quomodo

309 3535 515 3616 enucleetur,
552 3555 617 3599 non
643 3537 810 3599 habemns.
858 3536 896 3600 ld
920 3544 1028 3600 autem
1055 3535 1323 3615 persuadebitur,
1354 3533 1382 3598 si
1408 3532 1487 3612 quis

309 3641 469 3706 concedat
494 3642 537 3723 id,
563 3643 648 3721 qnod
675 3644 888 3706 coniecturae
912 3644 985 3707 loco
1008 3643 1146 3723 protuli,
1171 3662 1236 3705 non
1252 3659 1391 3719 prorsus
1409 3657 1486 3703 esse

308 3749 524 3831 reiciendum,
551 3767 709 3814 corruere
734 3749 964 3814 documentum
990 3749 1073 3814 illud
1099 3749 1138 3813 de
1155 3748 1319 3826 Euripide
1344 3754 1487 3812 auctore

309 3856 449 3936 Graeco,
483 3856 569 3935 quod
601 3874 642 3920 ex
666 3857 818 3920 Enniano
850 3858 1038 3936 fragmento
1063 3857 1154 3920 nacti
1179 3873 1252 3919 esse
1276 3854 1486 3919 videbamur.

308 3964 422 4042 Neque
459 3965 544 4029 enim
581 3964 641 4028 illa
676 3982 712 4027 re
750 3982 909 4028 concessa
944 3966 1048 4029 verba
1071 3964 1225 4028 Enniana
1258 3961 1297 4025 de
1321 3959 1487 4025 Ausoniis

307 4071 524 4136 Maenadibus
561 4072 754 4151 intelligere
790 4079 953 4152 vetamur,
995 4080 1030 4135 ut
1065 4072 1150 4135 nihil
1189 4077 1366 4148 repugnet,
1403 4068 1487 4146 quin

308 4170 449 4255 Ἀθάμας
472 4174 673 4257 μαινόμενος
697 4179 873 4258 Sophoclis
898 4180 953 4243 vel
979 4179 1137 4259 Aeschyli
1165 4215 1202 4220 —-
1229 4196 1304 4240 nam
1321 4175 1488 4253 Aeschyli

308 4304 439 4364 quoque
464 4287 623 4350 Athamas
656 4287 802 4349 furorem
828 4287 1041 4350 Athamantis
1072 4293 1105 4350 et
1129 4284 1243 4350 Inonis
1276 4283 1489 4346 continuisse

308 4392 443 4465 videtur
463 4429 499 4438 --
518 4392 631 4462 addito
656 4393 715 4459 illo
742 4393 916 4462 auctuario
934 4393 1039 4462 latino
1057 4394 1098 4462 ab
1115 4392 1224 4461 Ennio
1241 4397 1408 4460 tractatus
1425 4389 1489 4458 sit.
