3208 5080
783 454 999 512 -28...

304 643 422 723 Itaque
461 643 545 707 illud
582 641 712 721 quidem
743 642 914 707 Wolckeri
945 642 1146 722 amplector,
1184 643 1270 721 quod
1301 643 1475 723 Sophoclis
1584 619 1585 696 l

304 753 457 831 Phryges
499 753 556 815 vix
596 752 693 828 plura
731 751 936 814 continuisse
962 750 1124 830 ailirmat,
1166 770 1263 829 quam
1304 753 1474 834 Aeschyli,

304 859 445 921 alterum
472 857 511 921 de
540 858 685 921 Achillis
711 857 862 921 oratione
886 857 1002 920 reicio.
1060 858 1171 935 Atque
1196 877 1267 921 cum
1294 859 1474 937 Sophocles

304 965 388 1028 hanc
419 983 515 1029 unam
549 964 694 1028 fabulam
720 963 759 1027 de
782 963 890 1028 iliade
915 964 1066 1028 hausisse
1094 962 1262 1046 videatur,
1287 966 1475 1046 Aeschylus

305 1079 421 1136 contra
445 1079 551 1136 totum
576 1071 748 1135 Ennianae
772 1070 969 1149 tragoediae
994 1079 1225 1150 argumentum
1250 1091 1313 1136 uno
1346 1080 1474 1154 tenore,

304 1186 341 1242 ut
371 1179 480 1242 omnia
505 1179 602 1257 plane
628 1179 716 1242 inter
747 1196 783 1242 se
816 1178 1045 1258 cohaererent,
1080 1179 1287 1260 praebuerit,
1323 1180 1474 1258 equidem

303 1303 368 1348 non
401 1284 641 1366 dubitaverim,
676 1287 755 1364 quin
781 1285 909 1348 Ennius
933 1304 997 1348 non
1022 1285 1197 1364 Sophoclis
1222 1287 1375 1367 Phryges
1400 1307 1474 1352 con-

305 1393 437 1456 iunctos
486 1409 558 1457 cum
603 1393 671 1456 alia
717 1392 772 1456 vel
817 1392 894 1456 aliis
930 1391 1116 1470 tragoediis
1152 1394 1373 1474 expresserit,
1418 1395 1475 1458 sed
1584 1439 1585 1442 κ

302 1499 462 1580 Aeschyli
487 1500 658 1578 trilogiam
684 1501 718 1563 in
743 1518 840 1563 unam
865 1499 1010 1563 fabulam
1035 1500 1284 1576 contraxerit).

408 1607 481 1671 Hoc
505 1626 571 1670 uon
595 1606 801 1671 abnuendum
827 1624 899 1669 esse
923 1613 1034 1670 monet
1059 1607 1159 1670 etiam
1184 1607 1336 1671 Terentii
1370 1608 1473 1689 locus
1584 1619 1585 1646 ³

302 1715 396 1777 cuius
441 1733 542 1792 supra
591 1714 790 1778 mentionem
832 1713 972 1777 fecimus
1017 1713 1072 1795 (ci.
1110 1733 1185 1792 pag.
1222 1711 1292 1796 15),
1340 1726 1474 1781 monent

302 1820 473 1884 Diomedis
513 1820 552 1884 do
583 1821 732 1885 Romana
773 1821 904 1884 fabulas
947 1819 1163 1898 componendi
1200 1823 1331 1885 ratione
1371 1825 1473 1888 verba

300 1927 356 2006 (cf.
382 1947 457 2006 pag.
483 1926 550 2010 20),
576 1929 695 2007 quibus
712 1946 778 1992 non
801 1926 895 1991 modo
921 1926 961 1991 de
985 1945 1200 2005 personarum
1225 1947 1361 1992 numero
1386 1931 1472 2008 apud

300 2035 450 2111 tragicos
475 2035 640 2098 Romanos
665 2043 763 2098 aucto
781 2035 946 2098 certiores
970 2033 1075 2108 fimus,
1100 2034 1157 2098 sod
1182 2035 1283 2098 etiam
1309 2035 1348 2100 de
1373 2056 1471 2116 argu-

298 2141 401 2205 menti
426 2141 655 2232 magnitudine
679 2140 881 2218 amplificata
905 2141 1070 2218 suspicari
1095 2141 1257 2207 iubemur.

838 2368 928 2436 Aiax.

394 2495 484 2562 Idem
510 2499 712 2575 complexam
739 2516 812 2561 esse
837 2499 921 2561 hanc
946 2496 1089 2561 fabulam
1108 2506 1207 2577 atque
1225 2499 1315 2564 Livii
1333 2500 1470 2564 Aiacem

298 2606 582 2685 mastigophorum
618 2606 828 2683 perspicuum
861 2611 921 2669 est.
970 2604 1033 2668 Sed
1065 2623 1135 2668 oum
1162 2624 1226 2669 non
1250 2607 1349 2684 plura
1373 2625 1468 2685 quam

298 2712 361 2775 duo
392 2713 488 2776 nobis
513 2713 695 2776 manserint
720 2711 907 2789 fragmenta
935 2712 1090 2790 intellegi
1129 2710 1279 2793 nequit,
1296 2732 1467 2791 quemnam

302 2819 428 2882 Ennius
458 2827 593 2883 secutus
625 2820 680 2882 sit.
731 2819 956 2882 Verisimilius
981 2837 1060 2882 sane
1083 2821 1185 2884 titulo
1210 2821 1247 2883 fit
1271 2820 1468 2898 Sophoclem

298 2946 393 3005 quam
429 2927 631 3006 Aeschylum
667 2934 837 2990 auctorem
874 2928 1000 3007 fuisse,
1037 2929 1236 3006 praesertim
1273 2947 1344 2991 cum
1381 2927 1468 2992 haud

299 3035 410 3113 inepte
436 3035 622 3098 coniectum
647 3033 802 3099 videatur
825 3034 969 3097 Ennium
1002 3034 1064 3098 hac
1095 3033 1272 3113 tragoedia
1304 3024 1467 3099 aemulum

294 3141 495 3220 antiquioris
528 3149 647 3218 poetae
672 3142 837 3205 exsistere
862 3141 1018 3222 voluisse,
1043 3159 1149 3220 xeque
1174 3160 1254 3206 vero
1279 3161 1339 3220 pro
1373 3151 1465 3206 certo

294 3251 355 3313 hoc
388 3248 547 3313 affirmari
580 3246 731 3330 potest).
791 3247 932 3313 Accedit
962 3248 1049 3327 quod
1076 3265 1141 3312 non
1171 3250 1390 3328 improbabile
1415 3257 1467 3313 est

266 3356 454 3440 Ennium,
479 3364 517 3420 ut
546 3357 756 3435 Aristarchi,
789 3356 836 3419 ita
868 3357 968 3420 etiam
997 3357 1139 3420 aliorum
1170 3357 1278 3419 minus
1303 3357 1463 3420 nobilium

293 3464 499 3540 tragicorum
526 3463 730 3528 Graecorum
762 3464 926 3527 rationem
953 3465 1126 3544 habuisse,
1152 3471 1189 3527 ut
1212 3463 1399 3527 nesciamus
1423 3483 1465 3527 an

293 3571 427 3634 Aiacem
455 3589 653 3648 componens
677 3571 790 3648 potius
815 3571 901 3634 hunc
932 3572 987 3636 vel
1018 3571 1111 3635 illum
1145 3588 1257 3633 eorum
1291 3579 1463 3648 poetarum

294 3676 498 3741 Graecorum
515 3679 715 3760 respexerit,
740 3679 797 3757 qui
823 3684 957 3756 praeter
982 3678 1177 3756 Sophoclem
1203 3685 1236 3741 et
1261 3678 1464 3758 Aeschylum

294 3819 502 3828 —rr————-=

399 3909 426 3970 1)
445 3905 563 3960 Ribbeck
588 3906 606 3960 1.
632 3907 649 3961 l.
676 3922 737 3976 pag.
758 3907 809 3960 126
836 3921 875 3974 sq.
900 3913 927 3962 et
951 3907 984 3961 N.
1006 3904 1144 3962 Wecklein
1163 3905 1219 3959 11.
1239 3920 1302 3975 pag.
1321 3906 1374 3960 337
1393 3906 1462 3960 idem

290 3994 417 4062 suspicati
437 4001 500 4049 suut
520 4011 567 4049 uec
586 3996 717 4050 minusA.
730 3996 835 4052 Schoell
854 3996 1000 4065 „Beitrbge
1018 4011 1067 4050 nur
1085 3995 1220 4049 Kenntuis
1239 3996 1286 4050 der
1304 3996 1463 4064 tragischen

289 4084 382 4138 Possie
401 4085 448 4138 der
466 4085 616 4140 Griechen“
636 4086 722 4141 Berol.
744 4088 821 4155 1839,
841 4103 902 4155 pag.
922 4087 974 4141 472
994 4101 1051 4152 sqq.

396 4175 423 4242 2)
442 4175 487 4230 Fr.
514 4175 544 4228 11
566 4180 593 4229 st
621 4175 699 4246 Soph.
719 4175 762 4229 Ai.
782 4193 827 4229 vv.
855 4177 920 4230 1411,
947 4191 1002 4243 sqq.
1029 4189 1188 4241 quamquam
1213 4173 1324 4228 similem
1355 4189 1464 4228 sensum

288 4262 426 4328 exhibent,
450 4265 595 4318 testimonii
619 4265 677 4319 loco
704 4265 799 4320 afferre
825 4271 956 4334 vetamur,
976 4265 1046 4332 quod
1066 4264 1227 4333 Sophocleae
1254 4263 1361 4318 fabulae
1380 4263 1463 4318 verba

289 4353 506 4420 interpolationis
524 4356 674 4423 suspicione
693 4370 747 4410 non
766 4360 868 4425 carent,
888 4354 921 4409 ci.
932 4353 1223 4412 Schneidewin-Nauck
1237 4355 1277 4410 ed.
1290 4353 1363 4408 Aiac.
1379 4353 1460 4424 Soph.

289 4459 332 4498 vv.
343 4442 362 4499 1.
373 4442 392 4497 l.
1076 4467 1078 4472 s
