3208 5080
608 397 830 457 ..59-

133 589 258 653 cecinit
283 587 490 652 deiciendum
516 605 589 650 esse
615 606 655 650 ex
679 589 784 653 muris
811 591 1065 668 Astyanactem,
1091 589 1248 652 Hectoris
1273 595 1307 652 et

131 695 384 760 Andromachae
401 695 515 773 filium,
541 693 616 758 ideo
641 695 738 777 quod,
772 697 801 759 si
825 695 1040 776 adolevisset,
1065 694 1188 759 fortior
1212 703 1307 775 patre

131 803 266 866 futurus
298 803 370 865 eius
403 803 578 865 interitum
609 793 846 866 vindicaturus
875 809 964 866 esset
994 800 1050 880 (cf.
1085 801 1159 866 Sen.
1186 802 1306 866 Troad.

134 915 197 972 532
223 911 318 986 sqq).
366 907 546 988 Euripides
564 915 681 972 contra
706 909 899 974 Calchantis
923 927 1083 986 nusquam
1108 909 1307 973 mentionem

133 1015 235 1095 facit,
270 1016 327 1079 sed
352 1017 468 1082 Ulixes
494 1016 622 1097 suadet,
647 1023 684 1080 ut
708 1020 882 1096 Astyanax
908 1015 1057 1079 emedio
1082 1016 1225 1080 tollatur
1249 1011 1306 1098 (cf.

138 1122 258 1187 Troad.
287 1122 374 1206 721).

244 1230 289 1294 ΙΙ.
314 1229 355 1293 fr.
380 1231 429 1294 X:

636 1338 754 1418 „itera
780 1339 814 1401 in

317 1445 437 1522 quibus
462 1444 613 1522 partibus
637 1445 789 1521 (namque
814 1444 930 1508 audire
954 1445 1043 1524 volo,

316 1551 345 1614 si
370 1561 432 1631 est,
458 1566 553 1628 quern
578 1555 713 1631 exopto)
738 1559 772 1615 et
796 1567 860 1629 quo
886 1559 1002 1630 captus
1027 1551 1133 1630 modo,

317 1657 495 1722 fortunare
520 1677 561 1722 an
585 1656 674 1722 iorte
698 1657 885 1738 repertus“.

241 1765 294 1828 Ex
350 1765 476 1828 Seneca
532 1764 587 1844 (cf.
636 1765 730 1833 Serv.
770 1765 820 1828 ad.
861 1766 962 1844 Verg.
1003 1767 1085 1828 Aen.
1125 1765 1184 1844 IV,
1224 1761 1303 1844 489)

140 1873 368 1950 intellegimus
400 1887 536 1951 puerum
571 1873 611 1935 ab
645 1872 876 1936 Andromacha
907 1873 1110 1936 occultatum
1142 1873 1182 1934 ab
1214 1870 1314 1936 Ulixe

140 1980 382 2056 investigatum
414 1996 497 2042 esse.
552 1978 678 2042 Eodem
712 1978 921 2042 referendum
946 1986 999 2043 est
1023 1978 1246 2056 fragmentum
1271 1977 1314 2058 X,

141 2088 189 2150 ita
205 2094 326 2166 tamen,
344 2093 382 2150 ut
397 2105 463 2148 non
476 2086 593 2151 Ulixes
610 2085 681 2165 ipse
698 2102 835 2165 puerum
852 2087 1052 2166 reppererit,
1070 2084 1127 2148 sed
1144 2092 1315 2163 repertum

143 2211 217 2256 eum
242 2211 315 2256 esse
340 2193 467 2256 certior
491 2192 600 2257 factus
626 2190 720 2277 sit1).
768 2193 864 2272 Apud
881 2193 1076 2272 Euripidem
1101 2209 1183 2257 vero
1207 2207 1314 2268 neque

140 2301 258 2366 Ulixes
298 2318 401 2378 agens
445 2300 616 2364 inducitur
658 2316 765 2377 neque
801 2302 974 2379 Astyanax
1010 2299 1207 2377 subripitur.
1266 2298 1314 2360 Ne

139 2407 314 2487 'Palthybii
352 2406 483 2484 quidem
507 2408 628 2488 verba,
662 2409 782 2484 quibus
806 2408 943 2471 Hecuba
966 2414 1138 2486 monetur,
1170 2423 1211 2468 ne
1243 2404 1313 2468 fato

139 2532 175 2578 se
212 2522 356 2593 opponat
388 2511 521 2596 (Troad.
548 2518 610 2578 725
636 2515 732 2596 sqq),
766 2516 830 2578 huc
855 2513 1029 2593 quadrant,
1062 2513 1217 2590 quoniam
1242 2511 1315 2575 illic

138 2621 201 2701 vis,
226 2622 281 2684 hic
306 2621 401 2684 dolus
433 2621 654 2686 dissuadetur.
703 2623 923 2686 Luculentum
947 2621 1055 2700 igitur
1087 2628 1140 2684 est
1175 2619 1313 2683 Accium

137 2727 311 2807 Euripidis
335 2727 483 2805 vestigia
507 2747 572 2791 non
596 2730 771 2807 pressisse.
816 2729 907 2794 Idem
939 2726 1145 2792 affirmadum
1178 2726 1313 2791 videtur

139 2835 178 2899 de
211 2835 354 2915 Seneca,
389 2849 485 2911 quem
510 2835 582 2912 pari
607 2834 740 2898 fabulae
765 2842 864 2912 atque
897 2835 1034 2898 Accium
1060 2852 1095 2898 se
1120 2833 1312 2896 adiunxisse

136 2942 256 3021 he02)
282 2943 462 3006 existimat.
504 2940 705 3022 Quamquam
723 2941 854 3005 etiamsi
880 2942 962 3006 haec
988 2941 1100 3020 opinio
1115 2939 1313 3020 accipiatur,

138 3049 383 3114 concedendum
430 3057 481 3113 est
524 3050 682 3113 Senecam
726 3048 809 3112 illud
854 3046 893 3111 de
933 3050 1140 3128 Astyanacte
1176 3054 1311 3125 reperto

137 3157 330 3222 institutum
356 3165 512 3221 mutasse.

245 3265 369 3326 Verum
393 3283 464 3327 cum
481 3282 641 3341 nusquam
660 3266 832 3344 Astyanax
850 3264 1000 3329 Graecus
1026 3269 1312 3342 commemoretur,

136 3371 299 3448 Euripide
341 3371 469 3434 reiecto
507 3371 639 3434 dubium
676 3370 729 3452 fit,
768 3373 821 3435 cui
858 3371 1008 3436 Graecae
1045 3370 1177 3434 fabulae
1217 3369 1313 3432 Accii

140 3481 348 3558 Astyanacta
373 3479 611 3555 impertiamus.
653 3480 763 3557 Atque
789 3479 967 3544 Welckcro
986 3478 1117 3557 quidem
1134 3476 1310 3554 Sophoclis

135 3579 374 3664 Αἰχμαλώτιὸες
399 3585 569 3649 adhibitae
594 3585 804 3666 videbantur,
830 3605 911 3664 quas
936 3585 1112 3649 manifesto
1131 3584 1170 3648 ad
1190 3585 1310 3663 Astya-

134 3693 243 3757 nactis
276 3701 416 3756 mortem
455 3692 606 3756 alludere
646 3681 706 3770 pro
739 3700 831 3757 certo
865 3694 1018 3756 habebat.
1073 3693 1311 3770 Fragmentum

136 3801 222 3863 enim
247 3799 401 3863 XXXII:

353 3898 470 3986 „dante
493 3903 555 3985 μὲν
584 3898 750 3990 lactarios
774 3899 813 3975 ὣς
836 3900 1050 3986 πυκνώματι“

133 4012 346 4077 referendum
372 4031 444 4077 esse
469 4013 511 4078 ad
527 4014 686 4080 Hectoris
711 4015 864 4096 clipeum,
890 4015 946 4094 qui
964 4013 1103 4093 sagittis
1120 4012 1312 4090 perforatus

135 4121 246 4185 cribro
280 4120 400 4184 similis
425 4121 563 4201 fuisset3
597 4123 631 4186 in
660 4141 822 4202 quocum
849 4125 1021 4202 Astyanax
1046 4121 1197 4198 sepultus
1222 4127 1312 4183 esset

241 4317 267 4377 l)
288 4315 321 4368 cf.
344 4314 471 4370 Welcker
490 4315 508 4371 1.
527 4315 546 4370 l.
566 4331 628 4384 pag.
651 4316 712 4370 173.

241 4405 269 4472 2)
290 4403 379 4459 Editio
398 4405 519 4474 tragocd.
539 4406 628 4460 Sencc.
647 4419 712 4475 pag.
736 4405 796 4459 172.
