3208 5080
808 403 1024 466 ...46...

427 595 499 661 Ν33
546 597 661 664 dubito
699 601 778 680 quin
807 595 1039 674 Nieberdingii
1077 595 1189 674 opinio
1226 597 1298 663 veri
1335 599 1493 664 terminos

329 704 428 782 longe
466 716 611 788 superet,
648 726 754 787 neque
790 709 869 772 talis
898 703 1113 784 componendi
1138 705 1227 769 ratio
1252 723 1269 768 e
1294 707 1496 783 tragicorum

326 812 548 878 Romanorum
574 815 813 880 consuetudine
845 815 949 880 fuisse
981 811 1144 877 credenda
1172 822 1223 877 est
1247 821 1402 891 respecto
1425 814 1495 877 loco

324 919 542 984 Ciceroniano
568 917 685 1003 (Aead.
711 931 797 1000 post.
821 922 850 1004 I,
875 917 999 1003 3,10):

430 1062 529 1142 „quid
565 1065 651 1128 enim
688 1083 807 1129 causae
844 1073 905 1144 est,
942 1082 1001 1127 cur
1032 1071 1149 1141 poetas
1182 1062 1321 1127 Latinos
1358 1063 1496 1127 Graecis
1572 1085 1573 1152 3

322 1168 450 1233 11113313
483 1168 608 1234 eruditi
643 1171 768 1252 legant,
808 1171 1022 1249 philosophos
1058 1188 1123 1232 non
1159 1168 1298 1246 legant?
1338 1189 1380 1233 an
1420 1172 1497 1249 quia
1572 1161 1573 1250 j

324 1276 471 1341 delectat
488 1277 627 1358 Ennius,
644 1277 822 1358 Pacuvius,
841 1279 975 1359 Accius,
999 1277 1096 1340 multi
1121 1277 1192 1357 alii,
1218 1278 1274 1355 qui
1300 1296 1365 1341 non
1392 1278 1494 1342 verba

322 1382 379 1446 sed
403 1384 469 1447 vim
496 1385 699 1448 Graecorum
725 1393 963 1462 expresserunt
987 1383 1184 1461 poetarum?
1231 1383 1363 1464 Quanto
1388 1387 1494 1465 magis

322 1489 537 1556 delectabunt
569 1493 771 1573 philosophi,
808 1494 848 1573 si,
885 1501 921 1557 ut
957 1493 1009 1556 illi
1034 1491 1247 1572 Aeschylum,
1284 1492 1495 1572 Sophoclem,

321 1598 527 1680 Euripidem,
560 1600 609 1664 sic
643 1600 677 1663 hi
702 1600 872 1664 Platonem
910 1600 1095 1680 imitentur,
1128 1600 1359 1680 Aristotelem,
1390 1601 1496 1664 'Pheo-

321 1705 540 1784 phrastum?“
591 1707 639 1778 Ei.
666 1708 766 1771 etiam
790 1708 871 1772 Hor.
897 1707 1017 1788 epil,
1045 1712 1153 1788 1,161
1181 1725 1251 1785 sqq.

430 1848 492 1912 Sed
529 1867 698 1913 monemur
734 1852 796 1914 hoc
820 1849 1053 1926 Nieberdingii
1078 1849 1240 1930 exemplo,
1276 1868 1371 1928 quam
1399 1859 1496 1914 caute

324 1953 363 2018 de
381 1956 561 2020 clarissimi
579 1957 677 2026 huius
694 1965 812 2035 poetae
830 1957 979 2021 fontibus
990 1957 1131 2020 Graecis
1145 1955 1294 2020 iudicare
1308 1956 1496 2021 debeamus.

407 2096 518 2162 ¹Idem
544 2101 696 2180 sequitur
720 2118 761 2164 ex
787 2101 891 2166 variis
916 2099 954 2164 de
980 2100 1174 2164 auctoribus
1193 2098 1332 2163 Graecis
1350 2098 1497 2181 iudiciis,
1573 2107 1574 2166 ἶ

323 2223 406 2284 quae
431 2207 564 2284 prolata
588 2217 665 2272 sunt
688 2227 707 2271 3
732 2209 815 2272 31313
845 2207 963 2272 doctis.
1011 2207 1063 2272 Ex
1088 2207 1208 2286 quihus
1234 2226 1304 2270 cum
1331 2208 1499 2284 permulta
1573 2191 1574 2194 ¹

323 2314 570 2378 enumeraverit
595 2303 905 2397 (irotemeyer1),
937 2333 999 2392 ego
1028 2334 1115 2379 nuno
1139 2333 1245 2392 pauca
1269 2314 1388 2378 afferre
1413 2317 1499 2380 satis

322 2420 438 2484 habeo.
488 2421 703 2503 Welcher²l
740 2423 847 2502 igitur
883 2442 954 2486 cum
992 2423 1129 2488 Accium
1166 2430 1361 2500 perpetuum
1391 2441 1498 2500 paene

321 2529 482 2608 Aeschyli
507 2536 707 2593 sectatorem
731 2531 885 2594 extitisse
903 2529 1112 2610 affirmasset,
1131 2527 1352 2612 hadewigl)
1370 2529 1498 2594 nullam
1574 2579 1575 2588 ,

322 2635 453 2697 omnino
472 2637 692 2717 Aeschyleam
717 2635 860 2700 fabulam
884 2637 924 2700 ab
942 2638 1045 2700 Accio
1065 2654 1254 2714 expressam
1273 2653 1345 2700 esse
1363 2639 1498 2712 statuit,

321 2743 360 2804 A.
387 2742 587 2820 Schooll⁴i
618 2744 826 2823 Sophoclem,
858 2743 1054 2821 Euripidem
1080 2745 1298 2826 Hartungs')
1324 2752 1498 2809 auctorem

321 2848 485 2913 Graecum
518 2859 774 2928 proposuerunt.
824 2850 992 2931 Videmus,
1024 2869 1120 2930 33333
1146 2850 1297 2916 diversas
1322 2852 1356 2914 in
1380 2861 1498 2929 partes

319 2955 540 3021 discesserint
577 2958 725 3022 virorum
762 2957 1030 3022 doctissimorum
1069 2959 1267 3038 sententiae,
1304 2966 1341 3023 ut
1376 2977 1499 3024 verear

319 3082 489 3127 numerum
530 3083 643 3129 eorum
684 3083 818 3148 augere,
860 3066 916 3144 qui
956 3064 1122 3130 debilibus
1162 3066 1231 3130 nixi
1271 3065 1499 3132 fundamentis
1574 3073 1575 3098 ³

320 3179 448 3235 certum
485 3170 523 3235 de
558 3173 738 3250 praecipuo
765 3172 894 3236 Graeco
932 3181 1069 3237 auctore
1105 3172 1263 3238 iudicium
1297 3173 1388 3238 ferre
1419 3176 1496 3240 ausi

319 3286 406 3343 sunt.
454 3279 492 3344 Id
530 3287 640 3343 autem
677 3279 844 3344 affirmare
873 3298 971 3359 posse
996 3281 1077 3344 mihi
1102 3280 1230 3363 videor,
1267 3290 1303 3346 ut
1327 3282 1498 3346 Pacuvius

316 3387 438 3452 relicto
463 3385 626 3465 Euripide
662 3388 768 3466 magis
804 3389 948 3452 animum
984 3387 1025 3452 ad
1061 3389 1258 3466 Sophoclem
1294 3389 1497 3470 adverterit,

315 3494 363 3559 ita
383 3495 520 3559 Accium
539 3496 707 3576 Aeschylo
733 3494 864 3559 debitos
889 3496 1032 3561 solvisse
1057 3497 1211 3560 honores.
1251 3497 1303 3562 Ex
1321 3497 1493 3577 Aeschylo

316 3601 402 3665 enim
427 3601 563 3666 duxisse
589 3610 668 3680 puto
695 3603 753 3666 has
779 3602 924 3666 fabulas:

323 3797 532 3805 -—-....——

425 3921 452 3983 1)
473 3958 489 3985 ‚,
509 3919 549 3973 Dc
568 3919 598 3973 L.
619 3919 875 3986 311111333333113
896 3919 1012 3974 1133331.
1034 3921 1111 3987 1851,
1130 3935 1193 3989 pag.
1214 3922 1247 3975 19
1268 3937 1306 3988 sq.

425 4030 453 4097 2)
472 4028 490 4084 l.
509 4027 527 4082 l.
547 4044 609 4096 pag.
631 4029 709 4084 1342.

425 4135 453 4202 3)
471 4136 490 4191 1.
509 4136 527 4190 1.
547 4151 610 4205 pag.
630 4139 654 4190 2.

421 4246 449 4312 d)
467 4243 616 4313 „Beitrage
636 4245 704 4298 eto.“
724 4259 786 4312 pag.
808 4247 861 4299 318
882 4244 941 4298 adn.
964 4245 1022 4298 loa.

382 4371 384 4374 ·
423 4353 450 4417 5)
469 4351 627 4406 Zoitschrift
646 4351 689 4407 ihr
709 4352 1011 4410 Altertuniswissensch.
1035 4353 1111 4422 1842,
1131 4369 1192 4424 pag.
1213 4357 1274 4408 830.
