3208 5080
590 427 806 488 -51..

519 616 691 686 Armorum
717 616 882 685 iudicium.

218 747 420 828 Quamquam
480 747 544 810 iam
605 745 645 809 ad
696 746 899 826 Aeschylum
958 744 1151 809 rettulimus
1202 743 1286 806 hanc

113 855 322 932 tragoediam
353 852 409 936 (cf.
439 870 513 934 pag.
539 853 608 935 48),
641 861 751 918 tamen
784 855 883 918 etiam
911 853 1071 916 hocloco
1097 852 1129 916 ei
1154 866 1286 929 operam

114 963 227 1028 demus
251 981 388 1027 necesse
413 971 474 1026 est.
522 963 603 1025 Nam
629 980 700 1025 cum
726 962 950 1037 Welcker1)
976 959 1089 1023 eadem
1123 967 1222 1037 atquc
1248 958 1287 1022 de

114 1071 252 1136 Pacuvii
271 1072 447 1134 Armorum
470 1067 595 1132 iudicio
620 1069 789 1132 sententia
813 1068 932 1132 ductus
950 1068 1087 1131 Accium
1112 1065 1288 1146 Sophoclis

114 1179 218 1242 Aiace
264 1179 386 1241 omissa
426 1176 585 1256 Aeschyli
630 1178 804 1240 Armorum
849 1175 1008 1239 iudicIum
1045 1183 1079 1238 et
1112 1174 1288 1238 Threissas

113 1286 356 1350 contaminasse
401 1283 651 1364 affirmavisset‚
687 1284 897 1362 Lobecko,
962 1281 1000 1346 G.
1037 1279 1287 1363 Hermann³)‚

112 1393 331 1471 Ribbeck4)
364 1391 496 1455 dubium
527 1409 592 1454 nou
624 1409 697 1454 esse
729 1392 1017 1470 existimaverunt,
1052 1391 1130 1468 quin
1166 1389 1288 1452 Accius

114 1500 303 1578 posteriore
329 1499 488 1563 dramatis
513 1506 609 1576 parte
634 1498 791 1576 Sophocli
817 1516 852 1561 se
878 1496 1110 1577 adiunxeritl).

220 1643 310 1707 Haec
342 1643 450 1721 igitur
481 1641 645 1706 dissensio
676 1651 713 1705 ut
745 1640 911 1720 diluatur,
944 1640 1126 1718 paullulum
1152 1641 1184 1704 in
1210 1640 1289 1703 reli-

113 1751 202 1829 quiis
227 1751 384 1814 Accianis
415 1748 632 1826 inspiciendis
656 1766 822 1811 moremur
846 1765 982 1811 necesse
1008 1755 1068 1812 est.
1116 1747 1144 1810 Ε
1170 1748 1289 1826 551555

114 1859 144 1920 si
189 1857 405 1934 cognoscitur
450 1857 586 1940 Accium
630 1855 731 1919 etiam
776 1855 892 1934 gregis
928 1853 1060 1918 caedem
1095 1855 1289 1934 inseruisse,

115 1983 211 2042 quam
244 1964 445 2043 Aeschylum
480 1962 671 2038 neglexisse
702 1961 845 2027 vidimus
876 1961 930 2036 (cf.
955 1981 1031 2040 pag.
1058 1957 1123 2043 38),
1148 1980 1213 2025 non
1238 1969 1290 2025 est

119 2071 207 2150 quod
231 2073 265 2134 in
290 2071 389 2136 dubio
413 2078 555 2135 maneat.
603 2069 672 2133 Iam
697 2088 778 2134 vero
803 2068 844 2132 fr.
869 2069 929 2133 IX.

207 2198 324 2274 „ibene
341 2194 451 2272 facisi:
469 2195 527 2259 sed
543 2214 630 2259 nunc
647 2194 726 2273 quid
743 2195 846 2258 subiti
864 2194 945 2258 mihi
965 2192 1070 2258 febris
1088 2194 1172 2259 civit
1188 2193 1287 2258 mali“

118 2323 183 2382 qno
208 2302 404 2383 referamus,
429 2322 493 2366 non
518 2303 688 2381 habemus
712 2303 778 2365 nisi
804 2301 844 2365 ad
868 2301 986 2380 gregis
1011 2300 1162 2381 caedem,
1195 2302 1290 2365 cuius

117 2411 285 2475 conscium
316 2428 350 2474 se
375 2409 448 2473 lieri
473 2410 560 2473 Aiax
584 2410 655 2472 illis
680 2409 793 2474 verbis
818 2408 1005 2486 profitetur.
1053 2408 1126 2472 Huc
1160 2408 1291 2473 accedit

117 2517 204 2597 quod
239 2518 391 2582 nonnulli
427 2535 544 2583 versus
580 2517 720 2581 Acciaui
757 2535 829 2580 cum
866 2515 1062 2593 Sophocleis
1099 2517 1290 2581 consentire

116 2624 283 2690 videntur.
329 2625 402 2686 Non
428 2642 466 2686 eo
490 2623 699 2703 progrediar,
725 2631 762 2687 ut
786 2623 875 2687 inter
899 2622 960 2686 hos
985 2623 1077 2686 locos
1102 2640 1289 2686 enumerem

119 2739 177 2796 ant
200 2731 241 2794 fr.
274 2730 377 2810 ΧΙΠ,
410 2730 563 2808 quoniam
597 2730 783 2806 complures
809 2729 875 2792 loci
901 2729 1080 2806 Sophoclei
1105 2729 1187 2793 adeo
1213 2737 1290 2794 sunt

117 2838 263 2916 simileS,
308 2845 345 2901 ut
380 2835 494 2899 eodem
539 2836 678 2914 quisque
715 2836 787 2899 iure
821 2834 896 2898 fons
932 2835 1113 2914 fragmenti
1150 2837 1290 2899 Acciani

118 2944 309 3023 appelletur
332 2945 376 3019 (v.
404 2947 467 3006 758
493 2961 563 3021 sqq.
588 2941 643 3007 vel
670 2946 753 3004 1036
779 2927 827 3019 sq.
853 2942 918 3007 vel.
946 2942 1034 3021 764).

117 3060 175 3116 aut
187 3050 228 3115 fr.
242 3050 342 3115 VIII:
370 3051 446 3128 „ubi
473 3068 562 3130 cura,
588 3049 634 3112 ihi
660 3048 819 3113 anxitudo
844 3050 1009 3129 acerbam,
1036 3050 1081 3113 ibi
1108 3051 1289 3130 cunctatio,

365 3157 580 3221 consiliorum
599 3157 726 3221 erratio
744 3164 779 3221 et
795 3155 986 3221 fortunaest
1002 3157 1229 3227 <sollicitatio
1240 3155 1291 3236 >“‚

117 3263 204 3343 quod
240 3265 297 3330 vix
333 3282 406 3328 cum
439 3264 555 3326 Aiacis
590 3263 745 3327 versibus
782 3268 843 3326 531
871 3271 905 3328 et
930 3268 993 3328 535
1031 3281 1189 3327 conexum
1228 3271 1289 3327 est.

117 3370 180 3434 Sed
206 3370 338 3435 afferam
364 3369 587 3450 fragmentum
611 3369 699 3436 XII:

279 3495 357 3575 „sed
381 3496 518 3573 pervico
543 3495 630 3558 Aiax
655 3494 764 3557 animo
789 3501 889 3572 atque
914 3491 1151 3574 adversabili“‚

117 3601 204 3680 quod
230 3601 404 3667 deductum
431 3601 566 3669 videtur
590 3601 629 3665 de
654 3601 770 3665 Aiacis
793 3620 825 3665 v.
852 3606 935 3664 766:

116 3773 329 3786 σ-κ-

226 3886 252 3947 1)
271 3883 288 3937 1.
308 3883 326 3938 l.
345 3899 408 3952 pag.
427 3883 476 3949 393
495 3883 530 3938 51.
549 3883 630 3938 etiam
650 3870 743 3950 „liber
756 3882 804 3937 deu
820 3882 889 3936 Aiax
908 3882 956 3936 (155
974 3882 1131 3950 Sophocler‘
1150 3884 1201 3939 Rh.
1224 3885 1291 3937 llus.

116 3972 168 4040 III,
187 3988 250 4041 pag.
269 3974 312 4028 55.

224 4062 252 4132 2)
273 4062 315 4117 ad.
335 4063 410 4118 Aiac.
429 4080 455 4117 v.
477 4065 554 4118 1253.

225 4155 252 4216 3)
274 4151 440 4219 ,,055555151
461 4153 524 4217 VII,
542 4167 605 4221 pag.
625 4154 687 4218 365,
707 4154 760 4208 370
779 4167 836 4220 sqq.

224 4244 252 4307 4)
272 4241 289 4296 l.
310 4241 328 4296 l.
350 4257 411 4311 pag.
431 4243 481 4296 371
503 4257 559 4309 sqq.

224 4331 251 4390 51
273 4331 401 4400 LachIg
438 4346 542 4398 quoque
570 4330 587 4384 l.
616 4330 635 4385 l.
665 4346 728 4400 pag.
757 4331 792 4384 ‘22
821 4332 969 4399 complures
997 4330 1157 4400 Sophocleae
1184 4330 1293 4384 fabulae

117 4423 207 4488 partes
226 4419 259 4474 ab
279 4420 359 4475 Accio
379 4419 513 4475 adhibitas
533 4434 590 4475 5555
609 4425 696 4489 putat,
716 4428 801 4490 negat
819 4419 984 4489 Nieberding
1003 4420 1020 4474 l.
1040 4419 1058 4475 1.
1077 4436 1139 4490 pag.
1160 4421 1202 4476 19.
