3208 5080
628 381 847 440 „63ss

254 551 321 638 „pri
347 550 571 633 ἀνασχόμενος
598 574 656 616 ονν
680 545 801 636 Ἀτρεὺς
825 549 885 637 τὴν
908 546 1081 634 σομφοράν
1095 603 1215 618 ......
1241 547 1326 632 ὁμοῦ

149 684 183 726 τε
219 658 278 747 τὴν
316 667 454 742 γυναῖκα
490 655 647 743 Ἀερόπην
686 667 879 742 τιμωρεῖται
941 711 947 724 .
964 711 992 724 ..
1033 661 1089 722 καὶ
1127 653 1202 730 τούς
1240 666 1325 740 τρεῖς

151 766 238 839 vinds
260 771 319 832 τοῦ
346 771 491 832 Θυέστου
505 819 511 832 .
527 820 534 832 .
550 820 556 833 ,
572 819 578 832 .
604 761 803 837 οἶττοκτείνας
827 771 1020 850 παρέθηκεν
1034 818 1041 830 .
1057 819 1063 832 ,
1079 818 1108 833 ..

151 887 188 942 ut
218 874 509 950 Welckerum1)
546 883 638 940 recte
674 874 800 940 vidisse
833 893 961 955 negem,
998 877 1055 953 qui
1091 878 1255 954 Aeropam
1292 875 1324 939 in

150 1002 241 1048 mare
277 982 440 1047 deiectam
475 982 629 1060 filiosque
665 983 805 1062 Thyesti
843 981 986 1045 edendos
1022 983 1214 1061 propositos
1251 1000 1324 1046 esse

152 1099 245 1155 ratus
270 1099 411 1155 estnon
436 1090 528 1169 prius
554 1108 649 1167 qnam
674 1090 839 1170 Thyestes
864 1107 904 1152 ex
929 1089 1032 1152 exilio
1057 1088 1226 1154 rediisset.

258 1198 309 1262 Ab
349 1198 411 1260 hac
448 1195 580 1260 fabulae
619 1197 791 1277 versione‚'
832 1214 896 1273 qua
931 1196 1089 1274 Thyestis
1125 1196 1256 1274 expulsi
1292 1204 1326 1260 et

151 1304 324 1368 redeuntis
364 1305 529 1367 rationem
573 1322 639 1366 non
679 1302 795 1367 haberi
831 1303 1069 1383 intelleximus,
1104 1303 1234 1366 alienus
1275 1309 1326 1366 est
1412 1351 1413 1356 .

154 1411 248 1475 Accii
285 1413 419 1474 Atreus.
478 1411 647 1474 Probatur
683 1409 769 1473 enim
805 1409 960 1487 reliquiis
996 1410 1094 1473 huius
1129 1409 1326 1488 tragoediae

152 1537 272 1583 novum
308 1517 398 1581 inter
432 1516 557 1580 fratres
593 1523 702 1579 ortum
736 1534 809 1580 esse
846 1523 1024 1597 certamen,
1060 1535 1131 1579 cum
1162 1517 1326 1598 Thyestes

154 1625 283 1689 domum
306 1624 508 1690 revertisset
532 1622 588 1700 (cf.
613 1622 654 1686 fr.
679 1623 756 1701 Ill).

260 1732 332 1796 Hac
357 1730 607 1810 compositionis
632 1729 821 1794 differentia
846 1729 926 1793 adeo
948 1730 1041 1794 inter
1065 1749 1101 1795 se
1126 1730 1329 1794 dissentiunt

156 1838 331 1918 Sophoclis
367 1844 401 1902 et
437 1838 532 1901 Accii
569 1837 728 1917 dramata,
767 1847 803 1900 ut
838 1838 981 1902 alterum
1028 1839 1129 1902 alteri
1177 1837 1327 1916 exemplo

155 1945 258 2009 fuisse
304 1962 369 2007 non
416 1944 524 2022 possit
538 1941 571 2026 ¹).
631 1943 696 2008 Sed
730 1943 873 2007 nondum
897 1943 938 2007 ad
977 1943 1073 2008 finem
1105 1944 1327 2023 pervenimus.

156 2051 299 2130 Scripsit
323 2050 523 2115 scholiasta:

443 2156 516 2238 „xci
541 2149 640 2218 αὐτὸν
663 2146 798 2239 ὕστερον
821 2147 1048 2220 οἷπέκτεονενίι.

148 2254 308 2346 Ὕστερον
320 2271 442 2345 autem,
468 2263 555 2343 quod
571 2265 709 2345 legitur,
735 2266 931 2329 vocabulum
949 2263 1189 2329 dubitationem
1206 2271 1328 2345 movet,

155 2379 266 2435 utrum
298 2370 481 2434 scholiasta
514 2371 577 2434 hoc
609 2388 738 2449 quoque
769 2367 898 2434 focinus
928 2372 1136 2435 commissum
1161 2371 1329 2437 invenerit

157 2478 190 2541 in
226 2477 339 2542 eodem
374 2478 434 2541 illo
460 2479 635 2557 Sophoclis
672 2477 821 2542 dramate
850 2497 890 2541 an
915 2477 1048 2542 aliunde
1073 2479 1212 2557 petitum
1238 2476 1329 2541 addi-

45 2592 48 2604 '
158 2586 255 2650 derit.
304 2585 367 2650 Sed
402 2593 532 2648 tantum
568 2587 664 2650 abest
691 2593 730 2649 ut
753 2585 820 2649 alio
846 2586 919 2649 loco
946 2585 1044 2649 huius
1069 2584 1180 2649 caedis
1205 2585 1328 2648 mentio

156 2693 225 2774 fiat,
252 2700 289 2756 ut
313 2694 451 2755 Atreum
480 2710 500 2754 a
523 2693 670 2772 Thyeste
702 2700 736 2756 et
759 2693 924 2770 Aegistho
951 2693 1096 2756 occisum
1121 2709 1194 2755 esse
1218 2691 1329 2756 trada-

157 2807 222 2864 tur.
270 2799 318 2862 Ne
354 2798 428 2862 fieri
464 2796 596 2876 quidem
631 2805 774 2879 poterat,
810 2808 848 2863 ut
871 2800 1035 2880 Thyestes
1065 2802 1105 2863 ab
1131 2801 1235 2863 Atreo
1260 2805 1330 2861 tru-

159 2905 288 2970 cidatus
335 2906 417 2969 alibi
463 2912 717 2987 proponeretur,
766 2907 795 2969 si
835 2906 930 2971 modo
971 2907 1076 2970 ceteri
1116 2913 1234 2985 poetae
1273 2912 1332 2968 aut

159 3014 320 3094 Aeschyli
355 3012 561 3094 (Agamemn.
590 3015 687 3085 1587)
723 3021 781 3077 aut
805 3013 932 3093 Hygini
957 3012 1036 3092 (lab.
1061 3011 1119 3096 88)
1143 3013 1331 3077 versionem

159 3121 266 3184 secuti
291 3128 378 3202 sunt,
412 3139 477 3199 qua
501 3121 666 3200 Thyestes
689 3121 777 3184 filios
803 3121 986 3185 comedIsse
1010 3122 1208 3201 fingebatur,
1242 3127 1332 3199 post·

160 3246 257 3305 quam
281 3235 339 3292 aut
363 3246 423 3290 sua
447 3235 564 3306 sponte
598 3235 657 3292 aut
681 3229 721 3290 ab
747 3228 852 3292 Atreo
876 3235 1056 3292 revocatus
1080 3227 1179 3291 Atrei
1204 3227 1333 3292 domum

160 3334 246 3398 iniit.
315 3334 395 3397 Nam
436 3335 600 3413 hospitem
640 3335 830 3398 interficere
871 3338 995 3398 Atreus
1035 3335 1170 3398 deorum
1209 3335 1332 3400 timore

159 3449 295 3507 vetatur
335 3441 391 3522 (cf.
427 3442 548 3505 Aesch.
586 3444 701 3520 Agam.
737 3440 845 3525 1589).
909 3443 1105 3521 Sophoclem
1145 3460 1236 3523 vero,
1277 3444 1333 3521 qui

159 3549 338 3629 Thyestem
375 3568 440 3613 non
464 3548 637 3628 expulsum
661 3559 843 3629 posteaque
868 3549 1061 3613 redeuntem
1087 3548 1210 3630 docuit,
1247 3549 1333 3613 nihil

159 3655 372 3737 impediebat,
413 3656 492 3735 quin
528 3658 706 3737 Thyestem
740 3665 846 3721 morte
884 3673 1006 3736 poenas
1038 3657 1223 3723 solventem
1259 3672 1333 3735 pro-

160 3769 310 3842 poneret.
370 3763 440 3844 Quo
477 3765 514 3828 lit
550 3773 586 3828 ut
611 3755 744 3847 ὕστερον
779 3764 865 3828 idem
901 3763 1093 3842 significare
1130 3765 1335 3841 interpreter

272 4011 282 4060 l
313 4007 331 4060 1.
352 4007 369 4060 l.
446 4011 533 4064 .36.

268 4010 296 4162 23
316 4013 525 4165 Ρεορὲεαιιιζετοιιῐὃ
545 4100 630 4170 igitur
654 4102 707 4155 vici
726 4102 796 4156 docti
816 4101 952 4169 Euripidis
974 4096 1108 4176 Κρήσσας
1127 4108 1174 4154 aut
1197 4098 1335 4173 Θοὲστην;

162 4184 197 4240 cf.
226 4186 348 4242 Dilntaar
374 4187 514 4254 (Zoitschr.
542 4191 561 4245 f.
593 4192 618 4245 d.
648 4192 888 4247 Altariumswiss.“
918 4192 986 4247 1839
1016 4207 1080 4260 pag.
1100 4192 1180 4260 292);
1209 4192 1336 4260 Hartung

162 4275 254 4342 („nur.
274 4283 338 4332 rost.
357 4278 379 4346 Ι,
398 4293 461 4348 pag.
483 4281 578 4348 171“);
608 4281 713 4337 Teuffel
731 4282 749 4336 l.
768 4283 785 4336 l.
806 4297 868 4351 pag.
888 4284 931 4338 21.
968 4281 1098 4340 Wolokor
1116 4297 1180 4340 vcro
1199 4282 1216 4338 l.
1236 4281 1254 4336 l.
1273 4296 1335 4351 pag.

162 4367 214 4421 358
233 4365 386 4435 Sophoclem
406 4368 512 4432 retinet,
