3208 5080
791 431 1013 495 ..54-

417 626 490 692 Non
515 628 622 707 magis
647 628 806 692 Welcker
834 627 1014 705 persuadet
1037 625 1237 690 Phoenicem
1263 626 1476 704 Sophocleum

311 737 415 800 Accio
441 736 593 814 exemplo
617 727 740 815 fuisse,
773 735 859 814 quod
884 735 1034 799 Phoenix
1062 734 1150 798 alter
1177 734 1338 812 Dolopum
1363 735 1478 799 titulus

311 842 425 907 fuerit.
497 843 584 924 Quid
624 843 710 906 enirn
750 844 939 918 argumenti
980 843 1062 907 haec
1101 841 1278 920 tragoedia
1317 844 1478 924 habuerit,
1574 873 1575 890 2

311 958 422 1015 utrum
454 951 546 1014 illam
580 950 619 1013 de
645 951 840 1030 Amyntoris
864 949 993 1027 paelice
1017 949 1162 1013 fabulam
1187 969 1228 1013 an
1254 941 1478 1015 deductionem
1574 929 1575 964 ³

309 1058 532 1136 Neoptolemi,
572 1075 668 1136 quem
707 1057 935 1121 Philostratus
974 1057 1082 1120 minor
1122 1058 1238 1136 (Imag.
1270 1056 1299 1138 l)
1339 1077 1403 1121 non
1442 1059 1478 1120 ab

311 1165 419 1244 Ulixe,
460 1165 518 1229 sed
557 1183 577 1228 a
612 1164 780 1228 Phoenice
816 1165 948 1227 Troiam
989 1166 1188 1228 accersitum
1229 1163 1336 1246 fingit,
1375 1166 1479 1229 tribus

310 1272 443 1349 exiguis
467 1270 666 1350 fragmentis
689 1270 826 1335 traditis
852 1271 948 1348 plane
974 1271 1175 1348 ignoramus.

414 1378 533 1457 Itaque
567 1396 607 1441 ne
639 1379 693 1442 hic
726 1376 856 1455 quidem
890 1376 929 1440 de
955 1377 1119 1454 Sophocle
1145 1385 1283 1442 auctore
1308 1378 1478 1455 quicquam

311 1485 511 1563 proficimus.

801 1639 997 1726 Deiphobus.

419 1773 658 1848 Argumentum
697 1769 794 1832 huius
831 1767 990 1833 dramatis
1027 1769 1177 1833 haustum
1216 1777 1267 1832 est
1298 1787 1338 1832 ex
1363 1771 1481 1833 Troiae

313 1877 571 1956 expugnatione.
627 1874 665 1938 In
691 1893 755 1952 qua
780 1893 860 1953 quas
885 1882 999 1952 partes
1024 1875 1135 1952 egerit
1160 1874 1364 1957 Deiphobus,
1400 1895 1481 1939 com-

311 1982 462 2063 pluribus
487 1982 690 2046 testimoniis
716 1982 880 2046 certiores
904 1980 1008 2046 fimus

418 2089 619 2154 Conferatur
656 2089 741 2153 enim
774 2087 835 2155 Od.
861 2088 954 2170 VIII,
988 2095 1050 2153 516
1075 2107 1158 2169 sqq,
1192 2090 1293 2168 Vorg.
1320 2092 1402 2153 Aen.
1428 2090 1482 2170 VI,

310 2202 375 2261 494
400 2216 482 2278 sqq,
518 2195 631 2261 Duint.
669 2196 797 2276 Smyrn.
823 2195 920 2276 XIII,
957 2200 1021 2259 354
1046 2215 1128 2278 sqq,
1164 2197 1288 2277 Tryph.
1315 2203 1378 2260 613
1404 2216 1482 2277 sqq,

311 2305 443 2369 Arctini
468 2294 568 2364 Ἰλίου
593 2306 715 2383 nepotc,

418 2413 480 2476 His
526 2412 727 2488 scriptorum
775 2410 870 2490 lociS,
926 2408 1093 2474 adiunctis
1141 2410 1351 2491 fragmentis,
1408 2411 1482 2489 quid

311 2520 503 2598 Deiphobus
542 2518 709 2581 Accianus
756 2517 971 2597 continuerit,
1018 2518 1102 2581 satis
1150 2518 1295 2583 dilucide
1343 2519 1482 2582 eruitur.

311 2625 440 2690 Graeca
487 2624 634 2688 eiusdem
674 2624 768 2688 tituli
808 2622 922 2687 fabula
960 2642 1024 2687 non
1065 2633 1351 2690 commemoratur.
1422 2625 1483 2690 Sed

310 2741 419 2797 tamen
434 2739 662 2811 argumentum
679 2731 845 2809 Deiphobi
860 2729 1099 2815 Welcker01)
1118 2734 1291 2797 continere
1308 2732 1484 2798 videbatur

309 2840 484 2918 Sophoclis
523 2831 649 2919 Ἑλένης
687 2830 833 2920 tanays,
873 2857 968 2916 quam
1008 2836 1133 2902 fontem
1172 2838 1277 2902 fuisse
1316 2840 1483 2902 Accianae

306 2946 501 3025 tragoediae
538 2952 661 3009 censet.
709 2945 841 3009 Illudne
874 2945 982 3022 igitur
1021 2942 1134 3008 drama
1173 2945 1369 3023 inscriptum
1411 2953 1485 3008 erat

306 3044 439 3132 Ἑλένης
463 3043 607 3133 ἁρπαγή,
633 3052 686 3114 cui
712 3053 849 3115 suberat
873 3050 906 3114 id
932 3050 1018 3128 quod
1042 3052 1183 3116 Procius
1207 3059 1323 3116 narrat
1347 3052 1416 3114 his:

417 3156 611 3240 ,Μενέλαος
646 3155 680 3218 δὲ
715 3147 866 3236 αἷνένρών
899 3149 1030 3238 Ἑλένην
1065 3152 1122 3218 ἐπὶ
1157 3152 1214 3226 τὰς
1239 3159 1317 3226 ναῦς
1340 3153 1484 3238 κατάγει,

419 3261 590 3349 Δηΐφοβον
613 3259 820 3343 φονεύσας“.9

414 3373 560 3436 Μ111110.
585 3371 749 3451 Equidem
773 3372 854 3435 mihi
878 3391 943 3435 nou
968 3370 1152 3449 persuadeo
1171 3371 1366 3450 Sophoclem
1392 3371 1484 3435 aliud

311 3479 425 3544 drama
448 3480 548 3546 titulo
573 3480 633 3543 illo
659 3477 1051 3543 clarissimo‘exornasse
1076 3486 1176 3557 atque
1209 3477 1295 3558 qarod
1321 3479 1481 3542 Helenam

309 3588 382 3652 sive
407 3606 426 3650 a
450 3587 579 3650 Theseo
605 3587 676 3650 sive
691 3605 710 3649 a
726 3584 849 3649 Paride
871 3592 1000 3662 raptam
1022 3587 1252 3663 spectantibus
1269 3594 1483 3663 proponeret.

308 3695 455 3758 Atticam
504 3702 613 3758 autem
666 3694 756 3757 illam
805 3692 845 3756 de
893 3693 1022 3756 Theseo
1061 3693 1295 3759 narrationem
1332 3694 1395 3757 huc
1419 3712 1484 3758 non

307 3800 472 3879 quadrare
528 3801 643 3864 Aiacis
690 3809 887 3879 argumento
933 3801 1178 3881 comprobatur,
1226 3801 1281 3864 ubi
1322 3800 1484 3877 scriptum

309 3908 471 3987 legimus:

415 4007 488 4096 „Ti
524 4014 633 4093 δρᾶμα
668 4016 723 4096 νης
762 4013 907 4095 Tauricis
942 4009 1008 4074 ἐστι
1044 4015 1278 4094 πραγματείας,
1316 4005 1420 4094 ὥςπερ
1456 4011 1485 4072 01

413 4112 630 4204 Ἀντηνορίδαι
662 4121 719 4182 καὶ
750 4115 990 4198 Αἰχμαλώνιδες
1022 4120 1075 4180 καὶ
1106 4112 1233 4202 Ἑλένης
1264 4113 1397 4201 ἁρπαγη
1429 4120 1485 4180 καὶ

417 4228 599 4306 Μέμνων.“

416 4421 442 4486 1)
460 4421 478 4474 l.
499 4420 517 4474 1.
536 4437 600 4490 pag.
622 4422 673 4475 158
692 4435 749 4492 sqq.
