3208 5080
786 425 1005 488 „50-

407 619 441 694 4)
465 617 647 697 Meleager.

408 725 630 803 Hartungiop
664 734 814 807 auctore,
839 727 895 805 qui
920 725 960 792 ad
985 745 1103 792 versus
1128 727 1285 806 quosdam
1319 729 1474 794 versibus

304 831 497 910 Euripideis
521 833 711 898 simillimos
734 842 840 899 testes
865 842 1033 910 provocat.

408 974 441 1058 t)
467 977 576 1041 Minos
592 1007 623 1026 --
638 978 859 1042 Minotaurus.

408 1084 568 1148 Fortasse
595 1084 769 1164 Euripidis
793 1085 922 1149 'l'hesea
946 1085 1028 1149 haec
1052 1084 1166 1148 fabula
1189 1083 1387 1168 imitatur2).

408 1230 439 1304 6)
465 1227 680 1308 Chrysippus,

410 1335 621 1400 Consuetudo
647 1337 708 1400 illa
731 1337 924 1400 Pacuviano
949 1335 1079 1400 fabulas
1104 1335 1252 1400 Graecas
1275 1338 1477 1401 remotiores

303 1451 337 1507 et
362 1444 570 1508 recentiores
594 1442 762 1507 tractandi
787 1445 828 1507 ab
854 1443 948 1506 Accii
979 1444 1126 1507 moribus
1151 1443 1261 1507 aliena
1285 1452 1346 1508 est.
1395 1445 1476 1508 Nam

303 1569 499 1629 quamquam
524 1568 582 1614 eae
607 1550 823 1632 tragoediae,
849 1569 985 1628 quarum
1011 1559 1208 1629 argumenta
1240 1551 1325 1630 apud
1350 1551 1477 1614 nullum

302 1658 503 1721 nobiliorum
532 1665 705 1737 poetarum
738 1657 942 1722 Graecorum
974 1672 1133 1736 expressa
1174 1658 1377 1738 invenimus,
1413 1676 1477 1721 non

303 1765 432 1846 desunt,
456 1773 566 1830 tamen
585 1773 794 1844 comparatae
813 1783 884 1829 cum
902 1781 1038 1829 numero
1063 1765 1238 1828 titulorum
1264 1772 1475 1830 servatorum

302 1873 385 1938 satis
411 1888 535 1952 paucae
560 1872 727 1937 videntur.
775 1872 859 1936 Sunt
883 1879 992 1935 autem
1019 1871 1094 1935 hae:

411 2015 443 2092 1)
468 2015 700 2095 Nyctegresia.

405 2119 646 2204 Welckerill
672 2122 829 2201 suspicio,
855 2140 919 2199 qua
937 2122 1073 2184 Accium
1099 2121 1276 2200 genuinam
1300 2121 1476 2201 Euripidis

301 2229 465 2310 fabulam,
510 2231 562 2293 cui
605 2221 713 2311 Ῥῆσος
754 2247 871 2293 nomen
915 2237 1006 2308 erat,
1042 2230 1187 2293 vertisse
1223 2230 1361 2310 statuit,
1398 2249 1475 2293 uum
1577 2245 1578 2250 ’

302 2336 496 2416 recipienda
521 2338 576 2417 sit,
602 2336 787 2400 diiudicare
812 2343 961 2400 nostrum
986 2354 1050 2399 non
1076 2333 1172 2416 est⁴).

410 2479 444 2558 2)
470 2479 639 2545 Hellenas,

408 2587 605 2666 Apollodori
630 2585 776 2650 fortasse
800 2586 951 2664 exemplo
977 2585 1148 2650 debentur.

410 2735 428 2793 3
470 2729 518 2793 Io.

405 2729 629 2901 Odaeremone
663 2835 807 2900 fortasse
843 2845 980 2900 auctore
1016 2837 1142 2915 scripta
1167 2845 1218 2901 est
1249 2836 1302 2911 (cf.
1329 2853 1404 2917 pag.
1429 2843 1473 2901 49

304 2943 377 3007 adn.
403 2946 446 3021 6).

406 3067 441 3152 4)
466 3070 637 3134 Phinidae.

408 3193 443 3272 5)
468 3195 686 3274 Melanippus

406 3318 440 3397 6)
465 3319 649 3384 Stasiastae
674 3319 729 3384 vel
753 3327 925 3398 tropaeum
951 3319 1082 3383 Liberi:

406 3428 468 3490 His
492 3428 593 3491 rebus
610 3427 803 3506 praemissis
827 3425 868 3490 ad
893 3428 1123 3504 quaestionem
1149 3428 1245 3491 nobis
1269 3428 1475 3506 propositam

300 3533 504 3614 accedamus
541 3543 578 3599 ut
614 3534 653 3598 de
689 3535 756 3614 eis,
793 3551 878 3612 quae
914 3541 1059 3613 restant,
1095 3533 1220 3598 fabulis
1256 3533 1475 3614 disputemus,

303 3650 412 3706 utrum
438 3659 478 3705 ex
504 3642 679 3722 Sophoclis
704 3641 865 3720 exemplis
888 3640 1046 3704 fluxerint
1069 3659 1182 3705 necne.

301 3803 336 3810 ...ω
337 3803 427 3809 -------
435 3799 512 3808 -ι

413 3890 438 3959 l)
460 3889 540 3956 „llur¹
561 3890 642 3944 rest.“
661 3889 684 3954 1,
703 3903 764 3956 pag.
786 3890 844 3940 141.

409 3980 436 4046 2)
456 3978 489 4033 cl.
510 3978 630 4034 Ribbeck
650 3977 667 4030 l.
688 3977 704 4031 l.
724 3993 785 4046 pag.
806 3977 859 4031 564
878 3991 935 4046 sqq.

412 4069 442 4138 3)
462 4068 480 4123 l.
500 4068 517 4123 1.
537 4084 599 4136 pag.
621 4068 690 4122 1102
709 4081 765 4134 sqq.

407 4159 436 4227 4)
457 4160 489 4212 Α.
503 4157 606 4212 Schoell
627 4155 784 4226 [„Beitrdge
799 4159 879 4217 etc.“)
899 4170 957 4208 cum
977 4154 1073 4210 salsam
1093 4156 1126 4209 de
1144 4154 1281 4223 Sophoclis
1300 4154 1476 4210 Antenoridis

300 4246 454 4315 opinionem
482 4245 604 4301 fluxisset
633 4244 678 4315 (cl.
698 4262 759 4314 pag.
781 4245 824 4306 66)
852 4244 1057 4312 Nyclegresiam
1082 4247 1109 4298 et
1134 4245 1316 4299 Antenoridas
1341 4245 1368 4298 iu
1394 4259 1475 4299 unam

301 4337 438 4391 contraxit
452 4335 579 4402 fabulam,
593 4337 633 4390 ita
645 4344 677 4392 ut
690 4334 892 4404 Nyctegresiam
906 4349 937 4388 eu
957 4336 1053 4402 priore,
1075 4333 1255 4388 Antenoridas
1275 4350 1308 4390 ex
1327 4333 1475 4402 posteriore

301 4425 527 4482 Antenoridarum
547 4425 753 4494 Sophoclearum
773 4429 850 4492 parte
869 4424 1011 4478 derivarat.
