3208 5080
777 417 908 480 ·-'38
955 451 997 462 -

296 607 536 677 verisimiliora
597 612 729 677 ratione
792 619 1021 691 argumentum
1084 611 1217 676 fabulae
1280 615 1464 692 explicavit

296 719 612 796 eirarmannp:
720 756 723 762 ·

403 829 607 905 Agamemno
644 828 826 891 certamine
858 828 1014 892 instituto
1051 827 1175 892 victori
1204 829 1348 892 Achillis
1377 847 1469 894 arma
1588 811 1589 828 ¹

294 936 434 1012 praemii
464 936 538 1000 loco
571 936 650 1000 dare
682 935 716 998 in
748 936 856 998 animo
889 935 989 999 hahet
1022 933 1075 1012 (fr.
1110 931 1250 1018 1-111).
1299 936 1361 1001 Sed
1395 955 1467 1000 cnm

297 1043 383 1107 Aiax
409 1051 443 1108 et
466 1044 583 1108 Ulixes
608 1043 673 1107 sibi
692 1051 832 1120 uterque
857 1025 948 1106 arma
965 1042 1146 1122 vindicent,
1170 1042 1312 1106 Nestore
1331 1053 1469 1109 auctore

294 1149 453 1214 iudicium
483 1159 646 1215 convocat
681 1149 736 1229 (fr.
765 1150 958 1229 VII—IX),
1001 1150 1034 1212 in
1071 1169 1134 1228 quo
1173 1151 1258 1214 Aiax
1293 1158 1327 1214 et
1351 1152 1468 1216 Ulixes

295 1265 475 1339 exponunt,
501 1276 560 1322 cur
584 1259 649 1322 sibi
674 1258 882 1335 potissimum
909 1275 1000 1321 arma
1025 1257 1130 1321 danda
1154 1259 1223 1322 sint
1248 1257 1302 1339 (fr.
1321 1259 1467 1335 IV—-V):

400 1365 514 1443 Neque
538 1364 708 1430 refutatur
733 1365 813 1428 haec
838 1365 1006 1428 sententia
1030 1363 1218 1444 fragmento
1242 1365 1292 1428 X:

493 1473 604 1551 „nilne
628 1471 669 1535 ad
693 1479 727 1535 te
752 1471 791 1535 de
816 1471 941 1534 iudicio
966 1489 1091 1534 armum
1117 1471 1273 1547 accidit“‚

295 1587 332 1643 ut
364 1579 428 1642 sibi
453 1587 695 1657 persuaserunt
719 1576 941 1660 Ribbeck2)
967 1586 1001 1641 et
1025 1579 1062 1646 L.
1086 1579 1278 1654 Miillerh.
1325 1579 1406 1642 Nam
1431 1587 1469 1643 ut

293 1687 478 1764 exemplum
504 1687 687 1766 exhibeam,
712 1703 819 1749 noune
844 1685 916 1748 fieri
934 1686 1054 1766 potuit,
1080 1693 1117 1749 ut
1133 1687 1262 1749 Teucer
1279 1687 1331 1749 his
1354 1687 1468 1750 verbis

293 1794 574 1874 interrogaretur,
600 1811 671 1856 cnm
697 1793 730 1855 iu
757 1799 867 1856 castra
893 1793 1095 1857 Achivorum
1121 1791 1274 1856 rediret?

398 1901 466 1964 Iam
500 1900 529 1964 si
562 1901 611 1963 ita
643 1899 767 1964 factum
802 1885 1028 1979 concedimus,
1063 1906 1096 1962 et
1119 1900 1263 1963 reicitur
1287 1900 1466 1964 Ribbeckii

295 2007 334 2071 de
358 2006 399 2070 fr.
417 2007 467 2071 XI
491 2007 658 2071 sententia
683 2013 717 2069 et
741 2007 851 2070 oritur
875 2007 1038 2085 quaestio,
1064 2005 1225 2085 quomodo
1244 2007 1468 2084 interpretan-

295 2113 369 2177 dum
414 2115 460 2177 sit
504 2113 590 2177 illud
635 2113 869 2192 fragmentum.
904 2116 1043 2192 ¹Atque
1091 2112 1241 2190 equidem
1283 2115 1340 2179 vix
1375 2112 1467 2177 aliud

294 2222 467 2299 quicquam
501 2220 685 2298 significari
718 2221 867 2284 arbitror
891 2220 956 2284 nisi
982 2219 1114 2293 caedem
1139 2221 1299 2299 gregis).
1347 2220 1467 2300 itaque

295 2329 419 2407 optime
445 2347 517 2392 cum
543 2329 606 2391 hoc
631 2328 814 2406 coniungas
839 2326 879 2390 fr.
897 2327 996 2391 XIII:

455 2435 582 2524 „feroci
606 2435 752 2511 ingenio,
777 2442 906 2515 torvus,
931 2433 1133 2513 praegrandi
1158 2433 1299 2515 gradu“,

294 2559 377 2621 quae
409 2544 512 2606 verba
540 2540 686 2606 furorem
722 2542 1041 2620 appropinquantem
1075 2542 1267 2620 significare
1299 2542 1465 2607 videntur.

295 2649 495 2729 Aeschylum
521 2656 630 2712 autem
656 2649 743 2712 sicut
764 2647 943 2711 Pindarum
969 2648 1003 2711 in
1020 2649 1190 2712 Threissis
1215 2649 1330 2727 gregis
1356 2649 1467 2712 caedis

293 2757 493 2820 mentionem
530 2774 593 2819 non
630 2754 751 2818 fecisse
781 2754 1004 2832 Welcker⁵l
1041 2756 1113 2819 iure
1150 2756 1331 2820 contendit.
1385 2755 1466 2819 Nam

297 2881 369 2926 cum
404 2862 545 2926 Atridae
580 2881 645 2945 non
680 2862 744 2940 ipsi
780 2862 833 2925 ius
869 2861 1040 2941 dicerent,
1077 2862 1194 2925 iudicii
1229 2863 1335 2940 iniqui
1370 2862 1466 2941 culpa

293 2971 453 3033 carebant
487 2987 594 3049 neque
630 2976 718 3049 erat,
756 2986 815 3032 cur
839 2969 943 3048 Aiax,
978 2977 1015 3033 ut
1051 2968 1135 3048 apud
1161 2969 1372 3048 Sophoclem,
1409 2987 1467 3032 eos

293 3076 411 3140 ulcisci
443 3083 631 3140 conaretur.
684 3075 803 3153 Itaque
836 3074 1098 3153 quandoquidem
1132 3077 1319 3155 Aeschylus
1350 3076 1466 3155 gregis

293 3182 424 3246 caedem
456 3183 702 3263 praetermisit,
734 3182 901 3246 Pacuvius
926 3182 1086 3260 inseruit,
1119 3190 1261 3259 apparet
1282 3183 1464 3247 Romanum

291 3296 422 3368 poetam
448 3290 482 3352 in
506 3290 615 3353 altera
639 3288 772 3353 fabula-e
797 3295 893 3366 parte
911 3288 1113 3368 Aeschylum
1131 3296 1279 3352 secutum
1297 3309 1361 3353 non
1379 3307 1463 3352 esse.

399 3397 518 3462 Utrum
533 3397 579 3479 ibi
592 3396 768 3474 Sophoclis
781 3395 988 3472 tragoediam
1003 3398 1148 3461 verterit
1160 3414 1263 3459 necne
1276 3397 1464 3473 ambiguum

292 3511 353 3568 eat.
402 3503 464 3567 Sed
489 3504 698 3582 probabilius
725 3521 798 3566 esse
824 3502 922 3566 credo
948 3521 1020 3566 eum
1046 3504 1144 3566 unius
1161 3522 1202 3567 ex
1218 3505 1465 3568 recentioribus

292 3611 402 3688 poetis
445 3612 609 3675 rationem
655 3607 858 3692 habuissessl,
902 3609 988 3687 quod
1024 3618 1059 3674 et
1092 3611 1164 3701 illis
1200 3611 1465 3674 luculentissime

402 3877 427 3940 l)
448 3875 543 3943 Opuac.
563 3875 626 3943 VII,
645 3891 706 3944 pag.
721 3878 782 3931 366.

398 3965 427 4034 a)
445 3965 463 4018 ι.
477 3967 494 4019 ι.
514 3980 577 4033 pag.
597 3965 657 4019 aaa.

398 4055 426 4114 3)
446 4053 496 4122 „de
514 4054 627 4107 Pacuvii
646 4053 762 4108 fabulia“
782 4071 844 4122 pag.
858 4059 900 4108 70.
923 4102 927 4109 .

398 4145 426 4205 t)
446 4143 479 4196 ef.
500 4143 580 4196 etiam
601 4143 632 4198 G.
652 4143 789 4198 Hermann
809 4143 916 4212 (Opuac.
937 4143 999 4208 VII,
1018 4159 1081 4211 pag·
1100 4143 1172 4208 367).

399 4233 427 4301 h)
447 4233 520 4297 „Iler
545 4231 650 4299 episehe
669 4233 782 4300 Cyclad‘
810 4233 887 4286 Boon
920 4233 1102 4300 1835-1849,
1123 4233 1159 4298 Π,
1180 4249 1241 4300 pag.
1264 4234 1329 4298 179;
1351 4233 1464 4298 „KleIne

292 4319 444 4374 Schriften“
463 4322 549 4375 Bonn.
570 4352 603 4359 —
622 4320 768 4376 Elberield.
790 4323 975 4388 1844--1876,
994 4321 1029 4374 ΙΙ.
1050 4337 1111 4396 pag.
1132 4323 1192 4375 276.

399 4412 427 4479 6)
447 4410 550 4464 'leullel
570 4411 586 4465 l.
600 4411 616 4465 1.
637 4427 697 4479 pag.
712 4411 737 4465 8.
757 4412 848 4465 eadem
869 4427 926 4466 ease
945 4410 1053 4465 videtur
1071 4412 1202 4480 opiuionc.
