3208 5080
747 381 963 443 .-66-

272 594 410 653 regnum
445 575 689 655 restituuntur,
723 574 785 638 hoc
809 575 940 639 nomine
965 582 1113 639 ornetur.
1162 575 1320 639 Videmus
1346 576 1446 639 etiem

272 683 385 747 titulis
420 683 503 762 ipsis
539 699 600 745 nos
636 681 773 762 moneri,
810 689 847 746 ut
871 681 1053 758 Erigonam
1087 689 1120 746 et
1144 681 1447 757 Agamemnonidae

274 809 369 855 uuarn
396 789 540 853 fabulam
565 789 716 869 Mycenis
741 796 847 853 actam
874 807 946 854 esse
972 796 1166 854 statuamus.

381 898 475 961 Inter
500 895 648 960 Graecos
671 897 791 961 titulos
816 897 912 960 nobis
937 905 1090 962 servatos
1114 897 1287 976 leguntur:

434 1004 609 1083 Sophoclis
634 993 758 1087 Ἀλήτης
781 1011 815 1069 et
840 994 1007 1086 Ἠριγόνῃ,

436 1112 667 1191 Lycophronis
691 1104 822 1193 Αλήτης,

434 1219 630 1299 Phrynichi‚
654 1218 828 1298 Philoclis,
855 1219 1072 1298 Cleophontis
1096 1213 1261 1301 Ἠριγόνη.

381 1329 491 1406 Atque
531 1327 652 1390 Aleten
696 1325 827 1404 quidem
867 1326 994 1406 Hygini
1039 1325 1172 1391 fabulae
1217 1333 1447 1406 argumentum

275 1435 432 1498 habuisse
467 1432 678 1498 menifestum
709 1440 769 1496 est.
818 1433 867 1496 De
891 1433 1043 1511 Erigone
1067 1451 1147 1498 vero
1173 1433 1331 1498 iudicium
1357 1433 1447 1496 ferre

275 1549 438 1622 vetemur,
473 1560 545 1604 eum
586 1538 719 1603 dubium
756 1540 811 1621 sit,
852 1548 962 1605 utrum
998 1548 1078 1619 agat
1114 1541 1153 1604 de
1191 1541 1295 1604 Icarii
1331 1560 1372 1604 en
1409 1539 1448 1603 de

276 1649 431 1728 Aegisthi
455 1647 563 1727 filia1).
610 1645 658 1710 Ne
682 1647 867 1712 verisimile
892 1647 1023 1726 quidem
1048 1655 1099 1712 est
1125 1648 1260 1712 Accium
1285 1647 1448 1727 Sophocle

274 1756 428 1833 neglecto
465 1753 505 1818 ed
541 1754 766 1834 Phrynichum
801 1755 855 1819 vel
880 1754 1064 1818 Philoclem
1101 1755 1156 1820 vel
1186 1755 1447 1834 Ohleophontem

276 1863 470 1926 accessisse.
519 1859 644 1924 Eadem
681 1860 941 1925 ratiocinatione
966 1861 994 1924 si
1026 1862 1152 1927 utimur
1176 1862 1214 1925 de
1240 1863 1289 1925 eis
1313 1861 1448 1942 sabulis,

278 1987 362 2047 qrree
405 1969 522 2032 Aletes
569 1967 796 2048 appellantur,
842 1968 969 2031 reiecto
1014 1969 1233 2048 Lycophrona
1274 1969 1448 2048 Sophoclis

279 2077 401 2139 Aleten
426 2075 596 2153 exemplar
621 2073 784 2138 Graecum
810 2074 905 2139 Accii
930 2075 1119 2156 statuimus,
1155 2076 1352 2155 praesertim
1378 2094 1448 2138 cum

277 2182 538 2262 fragmentorum
574 2181 779 2260 comparatio
816 2180 845 2245 si
880 2200 946 2244 non
982 2190 1108 2247 certum
1145 2184 1243 2247 huius
1278 2183 1329 2246 rei
1353 2183 1448 2246 testi·

278 2290 420 2352 monium
445 2289 605 2367 praebeat
629 2295 739 2352 tamen
767 2289 1039 2367 probabilitatem
1064 2296 1196 2369 augeat.
1244 2290 1325 2353 Nam
1350 2289 1448 2368 Soph.

278 2397 367 2460 Alet.
392 2395 432 2459 lr.
455 2400 515 2458 100
541 2405 575 2458 et
593 2395 689 2459 Accii
713 2395 809 2473 Erig.
834 2393 875 2458 fr:
893 2395 937 2459 Π.
963 2403 1139 2474 utrumque
1164 2396 1249 2460 idem
1276 2414 1449 2476 quaerens,

278 2511 465 2583 utrumque,
490 2509 527 2566 ut
551 2501 695 2583 videtur,
721 2503 761 2566 ab
780 2503 880 2566 Aleta
905 2503 1071 2582 prolatum
1095 2502 1181 2566 haud
1206 2505 1277 2567 scio
1302 2522 1344 2567 an
1360 2504 1450 2566 inter

278 2627 314 2672 se
338 2609 570 2687 respondeant.

777 2907 950 2992 Antipene.

382 3038 546 3103 Derivata
575 3045 626 3102 est
658 3038 740 3101 haec
771 3035 885 3100 fabula
916 3054 956 3100 ex
988 3036 1163 3116 Sophoclis
1196 3038 1376 3118 Antigona,
1410 3037 1451 3100 de

277 3161 342 3223 qua
365 3163 402 3208 re
428 3145 627 3223 inspiciatur
651 3145 880 3222 Ribbeck2).

516 3534 657 3603 Fabulae
680 3535 871 3603 Alcmeonis
895 3532 969 3602 lala
993 3534 1216 3602 continentes.

385 3665 501 3742 Longe
534 3663 573 3727 de
608 3664 810 3744 Amphiarao
836 3663 973 3740 eiusque
998 3662 1067 3727 filio
1092 3664 1320 3729 narrationum
1346 3663 1454 3727 series

279 3771 375 3834 nobis
399 3770 547 3836 traditur
573 3766 628 3853 (cf.
654 3770 808 3851 Apollod.
833 3770 896 3851 ΠΙ,
922 3776 951 3852 6,
977 3777 996 3834 2
1022 3767 1124 3852 sqq.):

384 3877 570 3958 Eriphylae
588 3879 778 3959 proditione
796 3879 1018 3957 Amphiaraus
1044 3878 1178 3957 cogitur
1202 3897 1274 3942 cum
1291 3879 1454 3958 Polynice

282 3992 399 4048 contra
422 3985 554 4050 Thebas
581 4005 672 4050 arma
696 4003 840 4066 movere,
872 3985 959 4063 quod
983 3985 1048 4049 sibi
1073 3984 1241 4050 funestum
1266 3985 1339 4049 fore
1364 3986 1452 4050 haud

281 4091 425 4169 ignorat.
481 4091 599 4170 Itaque
637 4101 733 4172 patre
769 4098 899 4156 mortuo
933 4093 1069 4156 Alcmeo
1102 4092 1191 4156 filius
1226 4111 1297 4157 cunr
1329 4093 1455 4156 Thebis

282 4219 410 4226 ———-
420 4221 493 4226 -.--

388 4285 414 4349 1)
435 4282 561 4338 Welclrer
579 4284 717 4352 Sophoclis
735 4285 881 4352 Erigonem
901 4284 1012 4337 alterum
1024 4283 1121 4338 Aletee
1141 4285 1249 4338 titulum
1269 4299 1326 4338 ease
1345 4284 1456 4338 iudicet.

388 4376 417 4437 2)
436 4373 454 4427 1.
473 4373 491 4428 1.
513 4389 576 4442 pag.
595 4375 649 4427 483
668 4389 724 4440 sqq.
