3208 5080
775 383 995 442 „26-

301 575 544 658 Myrmidonum
570 574 688 638 animis
713 573 863 654 nuntiat,
896 574 982 652 quod
1007 574 1092 655 apud
1116 575 1259 639 Ennium
1284 574 1409 639 milites
1435 573 1476 636 de

302 691 406 747 semet
439 683 503 760 ipsi
535 674 752 761 testantur1).
806 679 876 744 lam
909 683 1061 760 quonium
1094 681 1194 746 etiam
1227 681 1475 748 eGraecorum
1585 711 1586 716 κ

301 790 508 868 tragicorum
525 795 699 866 poetarum
716 804 809 850 more
826 796 900 852 erat
918 797 955 853 ut
972 788 1054 852 duos
1073 789 1193 853 choros
1211 787 1476 863 introducerent,

301 914 440 975 quorum
488 895 576 958 alter
613 901 719 958 totum
752 911 813 971 per
846 893 960 960 drama
992 903 1128 975 ageret,
1171 896 1259 962 alter
1291 914 1354 958 uno
1388 894 1476 974 loco,

302 1003 455 1069 velutin
481 1001 643 1079 Aeschyli
660 999 900 1065 Eumenidibus
925 1004 991 1078 (vv.
1023 1006 1103 1066 1032
1129 1002 1225 1082 sqq.),
1249 1002 1283 1064 in
1300 1000 1477 1080 Euripidis

300 1109 484 1188 Hippolyto
510 1107 576 1188 (vv.
603 1111 642 1169 61
662 1103 758 1189 squ),
784 1107 880 1188 aliae,
905 1105 1044 1188 HuniuS,
1070 1126 1142 1172 cum
1167 1108 1233 1171 sibi
1249 1108 1477 1186 persuasisset

302 1217 384 1279 bene
409 1213 689 1279 accommodatum
716 1231 789 1278 esse
805 1214 1028 1278 Romanorum
1053 1215 1172 1278 animis
1197 1221 1231 1279 et
1261 1215 1419 1295 moribuS,
1445 1215 1476 1278 si

300 1323 357 1401 qui
387 1322 513 1385 milites
544 1320 667 1385 bellum
698 1320 854 1385 sitientes
879 1321 913 1384 iu
937 1338 1068 1385 scenam
1092 1320 1283 1401 prodirent,
1314 1321 1374 1384 illo
1399 1321 1475 1384 loco

299 1428 483 1507 Euripideo
509 1446 587 1492 usus
605 1445 678 1492 esse
695 1426 840 1506 videtur,
866 1435 984 1492 utnon
1001 1428 1098 1492 aliam
1118 1427 1280 1505 quandam
1297 1446 1474 1506 personam

299 1537 520 1615 referentem,
564 1533 621 1598 sed
661 1535 787 1598 milites
825 1535 916 1619 ipsos
952 1543 1156 1613 exponentes
1189 1534 1349 1614 fingeret,
1395 1534 1476 1612 quid

300 1644 514 1721 sentirente).
562 1641 680 1720 ltaque
714 1660 779 1704 uon
813 1649 881 1722 est,
911 1661 970 1705 cur
994 1649 1053 1706 aut
1076 1642 1226 1719 Bergkio
1251 1642 1476 1706 assentiamur

299 1759 357 1816 aut
381 1749 585 1828 Ribbeckio,
619 1748 675 1827 qui
699 1748 843 1812 Ennium
868 1756 902 1812 et
925 1747 1100 1827 Euripidis
1126 1756 1160 1812 et
1184 1749 1326 1812 alterius
1350 1756 1473 1826 poetae

301 1858 423 1924 Graeci
477 1855 621 1920 fabulum
668 1854 860 1920 imitandam
907 1856 972 1919 sibi
1018 1856 1234 1934 proposuisse
1280 1855 1425 1921 affirmat
1434 1858 1473 1935 ³).

297 1966 421 2042 Nempe
436 1963 565 2028 Ennius
582 1981 648 2026 non
664 1962 778 2043 verba,
796 1960 855 2026 sed
871 1962 937 2026 vim
956 1962 1079 2026 Graeci
1096 1962 1239 2040 exempli
1256 1963 1434 2026 transtulit
1444 1959 1472 2043 ⁴)

297 2089 404 2150 neque
437 2071 486 2134 sic
520 2077 557 2135 ut
581 2070 698 2134 Livius
731 2068 848 2134 servili
881 2070 1021 2147 quodam
1046 2068 1141 2133 modo
1168 2069 1299 2134 Graeca
1324 2069 1476 2133 dramata

298 2179 413 2259 vertit,
438 2177 496 2242 sed
512 2177 630 2240 Naevii
656 2176 804 2252 vestigia
828 2184 973 2257 secutus,
999 2176 1028 2240 si
1054 2176 1132 2256 quid
1156 2176 1276 2240 melius
1299 2177 1476 2254 magisque

297 2284 503 2364 respondens
534 2284 758 2348 Romanorum
788 2283 934 2363 ingeniis
964 2283 1156 2362 repperisse
1188 2283 1253 2346 sibi
1286 2281 1476 2363 videbatur,

298 2393 352 2458 vel
376 2391 520 2457 mutavit
543 2390 598 2456 vel
624 2390 783 2458 correxit.

744 2617 900 2688 Hectoris
926 2618 1024 2686 lutra.

405 2747 609 2826 Fragmenta
642 2746 763 2810 docent
787 2746 929 2810 ldnnium
962 2764 1001 2809 ea
1031 2745 1236 2827 reddidisse,
1271 2764 1355 2824 quae
1387 2746 1474 2824 apud

297 2856 476 2919 Homerum
495 2854 816 2928 circumscribuntur
832 2853 990 2917 Patroclo
1017 2854 1050 2917 in
1067 2872 1210 2932 pugnam
1235 2852 1371 2918 fatalem
1396 2871 1473 2931 pro-

296 2961 473 3026 ficiscente
516 2969 550 3026 et
592 2961 724 3025 Priamo
768 2953 926 3026 Hectoris
962 2978 1083 3038 corpus
1126 2960 1319 3025 redimente.
1377 2961 1472 3023 Hanc

298 3070 471 3134 materiem
527 3069 668 3146 amplam
712 3069 900 3149 Aeschylus
944 3068 1054 3132 tribus
1104 3067 1290 3147 tragoediis
1334 3067 1475 3131 inclusit

404 3298 431 3365 1)
450 3295 484 3350 cf.
504 3295 623 3351 Ribbeck
641 3296 659 3350 l.
678 3297 696 3351 l.
716 3311 778 3364 pag.
798 3297 855 3365 96,

456 3385 548 3440 Vitelli
568 3385 610 3440 ed.
628 3386 687 3456 Ipb.
706 3374 795 3439 Aulid.
815 3386 879 3440 Eur.
899 3385 970 3441 Flor.
992 3386 1068 3453 1878,
1089 3384 1131 3439 ad.
1151 3401 1175 3439 r.
1195 3385 1257 3440 eto.

401 3478 428 3541 2)
447 3475 477 3530 Ο.
497 3475 585 3540 Jahn,
613 3474 658 3528 ubi
687 3474 719 3530 de
745 3475 824 3530 choro
845 3476 981 3530 Romanae
1010 3473 1168 3544 tragoediae
1187 3474 1243 3544 egit
1262 3474 1303 3538 (iu
1322 3474 1412 3530 Herm.
1433 3475 1470 3543 II,

295 3565 435 3632 meon),
455 3565 617 3619 contendere
635 3563 743 3619 videtur
762 3563 859 3618 omisso
878 3564 1014 3633 virginum
1034 3564 1113 3618 choro
1124 3564 1239 3617 Ennium
1260 3563 1323 3618 solis
1338 3563 1470 3618 militibus

295 3653 370 3708 chori
398 3659 490 3722 partes
523 3653 636 3709 dedisse.
691 3653 785 3721 Neque
819 3668 882 3708 varo
910 3669 940 3708 eo
968 3652 1175 3723 progrediamur
1200 3668 1309 3707 necesse
1338 3660 1395 3721 est,
1424 3654 1470 3708 scd

297 3742 469 3798 verisimilius
498 3757 557 3798 esse
585 3744 663 3797 oredo
692 3744 856 3798 Graecarum
885 3742 1079 3798 consuetudine
1107 3747 1216 3797 servata
1243 3758 1297 3796 uuo
1316 3742 1391 3808 loco,
1418 3759 1468 3809 quo

295 3831 390 3886 melius
417 3833 552 3888 exercitus
579 3832 670 3886 studia
696 3832 924 3901 depingerentur,
950 3832 1064 3899 milites,
1093 3830 1190 3886 ceteris
1220 3833 1338 3899 virgines
1362 3831 1470 3886 chorios

296 3919 401 3975 cantica
419 3922 575 3991 suscepisse.

402 4012 430 4076 3)
450 4011 468 4065 l.
487 4011 505 4065 l.
524 4028 587 4080 pag.
606 4012 640 4066 94
660 4026 717 4080 sqq.

401 4101 429 4170 4)
449 4100 484 4154 ci.
504 4100 557 4156 Cic.
577 4101 660 4155 Acad.
679 4101 703 4169 Ι,
723 4102 799 4166 3,10:
820 4099 908 4170 „Quid
927 4100 996 4154 enim
1016 4114 1112 4154 causac
1131 4105 1238 4168 est,cur
1250 4105 1344 4168 poetas
1357 4098 1469 4154 Latinos

294 4189 403 4244 Graecis
427 4189 526 4245 littaris
551 4190 649 4246 eruditi
674 4190 781 4259 legant,
808 4189 980 4258 philosophos
999 4206 1052 4243 uon
1071 4189 1187 4259 legant?
1207 4192 1249 4243 An
1269 4189 1332 4256 quia
1351 4189 1470 4244 delectat

293 4277 409 4346 Ennius,
429 4279 578 4345 Pacuvius,
600 4279 704 4347 Accius,
730 4279 808 4333 multi
827 4279 888 4348 alii,
914 4279 959 4348 qui
978 4294 1031 4334 non
1051 4279 1147 4346 rerba,
1166 4280 1212 4334 scd
1232 4279 1284 4334 vim
1304 4278 1468 4336 Graecorum

293 4372 486 4438 expresserunt
503 4367 678 4442 poetarumi¹‘
