3208 5080
604 456 823 517 -61-

127 649 291 712 sinceram
329 654 363 710 et
400 647 590 725 simplicem¹
621 647 772 726 priorum
810 658 995 727 temporum
1034 647 1307 713 consuetudinem

126 755 249 819 redire.
298 753 460 834 Quoniam
493 755 600 833 igitur
625 756 748 818 Accius
772 756 947 834 Euripidis
978 756 1173 835 tragoedias
1202 757 1303 819 rebus

127 862 235 935 gestis
261 859 429 925 confertas
453 860 676 924 reformidans
700 863 826 940 triplex
851 862 934 926 illud
959 862 1075 944 satum,
1101 881 1164 941 quo
1191 863 1304 940 oppri-

128 975 262 1033 muntur
293 970 486 1048 Astyanax,
511 967 700 1049 Polyxena,
725 969 863 1033 Hecuba
887 978 922 1035 et
945 970 1169 1050 Polymestor,
1193 969 1304 1034 tribus

129 1075 254 1139 fabulis
288 1074 451 1155 reddidit,
485 1076 676 1140 recentiore
709 1077 859 1154 exemplo
884 1095 957 1141 eum
983 1076 1116 1140 ductum
1142 1094 1304 1140 essenon

128 1183 294 1246 existimo.
335 1182 470 1246 Nullum
495 1189 616 1264 autem,
642 1182 728 1260 quod
752 1184 900 1260 priorum
926 1201 1031 1262 usque
1048 1182 1089 1247 ad
1106 1182 1301 1260 Euripidem

127 1297 300 1367 poetarum
352 1288 557 1353 Graecorum
605 1290 717 1353 drama
764 1292 828 1354 huc
873 1291 1060 1371 pertineat,
1101 1297 1304 1367 compertum

128 1397 288 1460 habemus
324 1403 459 1474 praeter
496 1397 674 1474 Sophoclis
709 1397 913 1477 Polyxenam
927 1394 970 1479 ¹),
1007 1415 1078 1461 cum
1115 1397 1303 1476 Aeschylus

128 1503 261 1568 Arctini
287 1493 382 1563 Ἰλίου
406 1505 524 1585 πέρσιν
548 1504 679 1567 omnino
696 1503 887 1583 neglexisse
904 1503 1070 1569 videatur.
1110 1504 1304 1567 Verisimile

128 1611 312 1688 igiturest
337 1611 434 1674 Accii
458 1610 606 1674 Troades
631 1629 672 1674 ex
697 1611 861 1688 Sophocle
886 1610 1032 1675 fluxisse.

233 1718 343 1796 Atque
361 1717 557 1783 adiuvamur
574 1719 719 1782 Senecae
736 1701 933 1796 tragoediis.
965 1719 1070 1782 Recte
1089 1719 1175 1782 euim
1192 1717 1306 1800 Le02)

129 1824 368 1891 animadvertit
392 1825 560 1889 Hecubam
586 1825 731 1890 Senecae
756 1845 821 1888 non
844 1826 915 1889 solo
943 1825 1106 1903 Euripide
1130 1826 1204 1890 niti.
1241 1815 1305 1893 Vix

130 1940 240 1996 autem
273 1931 427 1997 dubitare
460 1933 559 2013 licet,
592 1933 671 2012 quin
701 1952 813 1998 omnes
838 1934 984 1997 Senecae
1017 1933 1149 1997 fabulae
1181 1940 1239 1996 aut
1264 1950 1304 1996 ex

131 2040 301 2120 Aeschylo
326 2047 384 2103 aut
409 2058 449 2103 ex
467 2040 631 2117 Sophocle
656 2049 715 2106 aut
739 2060 780 2105 ex
796 2039 959 2119 Euripide
985 2040 1199 2119 depromptae
1225 2039 1303 2103 sint.

131 2145 243 2226 Quid?
276 2147 391 2211 Nonne
423 2146 601 2229 Senecam,
627 2147 891 2227 quandoquidem
916 2147 1006 2211 aliud
1032 2147 1145 2211 drama
1169 2153 1305 2224 praeter

129 2253 305 2332 Euripidis
339 2253 488 2334 Troades
523 2262 558 2319 et
588 2255 756 2319 Hecubam
792 2255 962 2336 adhibuit,
996 2254 1172 2332 Sophoclis
1197 2252 1303 2314 Πολυ-

129 2362 224 2444 ξένην
241 2362 306 2426 sibi
323 2363 538 2441 proposuisse
557 2362 754 2427 credendum
772 2362 849 2427 est?
872 2364 1002 2427 Hausta
1019 2369 1129 2426 autem
1146 2360 1303 2426 videntur

132 2488 171 2533 ex
196 2470 257 2535 illa
281 2471 348 2534 alia
372 2469 486 2534 fabula
510 2471 584 2534 Sen.
603 2471 682 2535 Hec.
701 2489 745 2536 vv
764 2476 825 2534 179
844 2489 926 2552 sqq,
952 2488 1034 2549 quos
1052 2467 1302 2547 coniungendos

130 2595 203 2641 esse
221 2577 520 2642 demonstravimus
534 2597 606 2643 cum
620 2579 717 2643 Accii
730 2577 895 2642 Troadum
908 2577 1096 2655 fragmento
1110 2575 1254 2640 secundo
1263 2576 1303 2656 3).

128 2685 247 2762 Itaque
284 2685 333 2748 sic
371 2699 501 2763 quoque
526 2686 622 2750 Accii
646 2685 824 2764 tragoedia
848 2684 890 2750 ad
914 2684 1090 2763 Sophoclis
1115 2680 1304 2766 Πολυξένην

130 2791 332 2855 annectitur.

235 2898 286 2962 De
303 2899 459 2963 Hecubae
484 2898 577 2964 fonte
602 2898 761 2963 iudicium
779 2900 879 2980 ferre,
905 2919 976 2964 cum
995 2900 1147 2964 omnibus
1164 2915 1303 2976 cognos-

129 3003 225 3069 cendi
250 3005 388 3070 auxiliis
413 3023 581 3087 egeamus,
606 3015 768 3071 vetamur.

616 3305 816 3391 Eurysacoe.

232 3434 323 3500 ldem
362 3434 510 3499 recurrit
547 3434 723 3513 Sophoclis
753 3436 874 3500 titulus
906 3435 992 3514 apud
1026 3435 1229 3516 Hesychium
1262 3435 1302 3516 (I,

126 3563 204 3622 pag.
237 3548 305 3626 47),
354 3542 384 3606 si
402 3542 562 3658 xquidem
602 3551 695 3608 recte
734 3543 888 3608 restituit
926 3544 1084 3607 Musurus
1124 3543 1302 3632 lectionem

127 3673 318 3744 corruptam
342 3683 473 3750 ευρησα.
521 3666 614 3729 Nihil
638 3674 748 3732 tamen
773 3666 849 3731 inde
874 3668 1052 3748 lucramur,
1078 3666 1165 3747 quod
1197 3668 1303 3746 Hesy-

128 3773 223 3837 chius
260 3773 357 3837 unius
393 3773 567 3853 vocabuli,
604 3773 691 3852 quod
727 3783 779 3839 est
814 3764 1008 3856 α’δόξαστον,
1033 3783 1152 3839 auctor
1176 3774 1301 3839 extitit.

127 3880 217 3944 Satis
245 3879 354 3957 igitur
376 3881 554 3944 habeamus
578 3887 739 3962 statuere,
765 3881 840 3945 dum
865 3882 1091 3960 composuerit
1115 3882 1296 3960 Sophocles

126 3987 342 4067 Eurysacem,
366 4005 431 4050 non
456 3987 635 4052 absurdum
651 4005 725 4051 esse
743 3989 921 4053 Accianum
940 3988 1085 4053 fabulam
1103 4007 1142 4052 eo
1160 3987 1302 4066 referre,

164 4129 341 4136 ...μ

235 4252 260 4312 l)
279 4250 320 4304 De
339 4249 459 4318 Captivis
478 4250 511 4304 cf.
530 4267 593 4320 pag.
609 4255 654 4307 69.

232 4342 261 4402 2)
283 4340 299 4392 l.
314 4339 331 4394 l.
351 4355 415 4408 pag.
437 4342 488 4394 tta
506 4355 563 4408 sqq.

231 4429 259 4496 3)
278 4427 312 4483 cf.
332 4444 397 4502 pag.
418 4431 461 4487 bl.
