3208 5080
607 394 826 457 -35-

130 597 249 668 poetas
281 591 424 654 animum
461 589 637 655 advertere
673 590 813 654 solebat.
860 589 940 654 Nam
978 607 1017 653 ex
1047 588 1208 655 tredecim
1233 589 1304 654 illis

130 698 255 780 titulis,
280 698 336 777 qui
361 699 590 778 innotuerunt,
616 696 690 777 duo,
716 697 771 775 qui
797 705 892 761 sunt:

557 858 667 922 Iliona
691 866 726 922 et
749 858 877 940 Medus,

129 1003 290 1063 nusquam
327 985 417 1048 inter
457 983 606 1049 Graecos
639 984 759 1047 titulos
794 984 892 1048 nobis
925 991 1079 1048 servatos
1114 994 1304 1068 recurrunt,

130 1109 237 1171 neque
263 1093 432 1170 cognitum
463 1092 620 1155 habemns
644 1090 694 1172 1(1,
725 1089 812 1169 quod
837 1109 896 1154 eae
920 1089 1053 1154 fabulae
1078 1093 1304 1174 continebant,

129 1199 196 1263 uisi
222 1217 262 1263 ex
287 1199 420 1278 Hygino
447 1197 524 1274 (fab.
553 1203 613 1261 109
640 1205 674 1262 et
701 1200 787 1274 127).

235 1323 328 1406 Quod
353 1332 463 1388 autem
487 1324 639 1388 nonnulli
664 1324 730 1389 viri
755 1322 845 1388 docti
876 1324 1093 1388 coniecerunt
1123 1325 1304 1390 Pacuvium

129 1433 214 1496 haec
238 1431 390 1496 dramata
414 1449 454 1494 ex
479 1431 585 1509 ipsius
609 1431 745 1509 ingenio
772 1432 997 1508 composuisse
1029 1430 1132 1495 nullis
1164 1431 1305 1497 Graecis

130 1539 293 1616 exemplis
330 1537 502 1618 adhibitis,
539 1538 623 1600 hauc
660 1538 849 1616 opinionem
886 1546 923 1602 ut
959 1537 1089 1602 laudem
1121 1558 1214 1603 ame
1239 1558 1304 1603 non

129 1646 285 1726 impetro,
311 1664 383 1709 cum
408 1645 508 1709 talem
533 1645 697 1708 rationem
722 1663 787 1708 uon
812 1644 917 1709 fuisse
942 1663 959 1708 e
989 1647 1137 1710 moribus
1168 1647 1304 1711 illorum

129 1759 304 1830 poetarum
328 1771 389 1830 pro
415 1759 507 1816 certo
532 1752 722 1832 habeamus
740 1751 808 1832 sed,
834 1752 923 1816 sicut
948 1770 1050 1830 supra
1067 1752 1304 1835 demonstravi,

129 1866 305 1938 utramque
330 1858 370 1922 ad
394 1859 604 1922 recentiores
628 1866 745 1936 poetas
770 1858 919 1923 Graecos
942 1859 1064 1923 refero.

234 1983 324 2048 Idem
349 1983 508 2048 iudicium
542 1982 713 2046 ferendum
746 1992 798 2048 est
831 1983 871 2047 de
895 1992 1033 2048 auctore
1066 1983 1195 2048 Graeco
1229 1986 1301 2048 eius

127 2090 272 2171 fabulae,
297 2109 381 2170 quae

616 2197 815 2262 Dulorestes

129 2323 322 2386 vocabatur.
363 2321 429 2385 Diu
454 2322 537 2385 haee
558 2320 733 2399 Euripidis
757 2321 967 2400 Iphigeniam
992 2323 1167 2387 Tauricam
1192 2322 1302 2386 reddi·

130 2428 219 2493 disse
245 2428 454 2509 credebatur,
479 2446 520 2491 ex
545 2447 608 2507 quo
626 2428 822 2506 Stieglitz
835 2425 858 2511 ¹)
884 2429 983 2494 huius
1000 2431 1167 2508 opinionis
1184 2437 1303 2494 auctor

129 2535 289 2616 extitiu).
337 2535 401 2601 Sed
434 2535 519 2599 falso
554 2536 649 2599 illum
683 2536 867 2600 coniecisse
899 2538 1027 2614 primus
1059 2536 1302 2602 demonstravit

129 2644 167 2709 Ο.
191 2643 214 2707 J
220 2640 341 2724 alul),
367 2649 485 2719 postea
507 2641 734 2719 Ribbeck4).
782 2643 1004 2720 Apertissime
1029 2645 1115 2708 euim
1148 2642 1301 2707 docuisse

127 2749 285 2817 videntur
309 2749 343 2812 hi
368 2749 435 2814 viri
461 2747 647 2812 doctissimi
672 2767 691 2811 a
715 2749 862 2814 Pacuvio
887 2751 922 2814 in
947 2768 1078 2814 scenam
1103 2749 1300 2828 productum

128 2875 203 2922 esse
227 2856 381 2921 Orestem
414 2856 448 2918 in
482 2855 624 2932 patriam
654 2864 880 2921 revertentem
912 2865 946 2922 et
976 2858 1175 2937 Aegisthum
1201 2856 1301 2920 ulcis·

129 2972 267 3028 centem.
317 2962 381 3028 Sed
412 2979 518 3040 neque
551 2961 711 3042 Aeschyli
746 2963 954 3041 Choephoris
987 2982 1092 3043 neque
1124 2964 1301 3041 Sophoclis

129 3079 187 3137 aut
220 3069 395 3148 Euripidis
426 3068 566 3133 Electra
596 3087 676 3132 usus
701 3077 764 3133 est.
811 3070 883 3135 Non
908 3071 994 3134 enim
1019 3071 1110 3137 servi
1134 3077 1229 3136 veste
1253 3070 1302 3132 iu·

130 3178 229 3242 dutus
254 3176 341 3256 apud
365 3177 443 3240 illos
467 3176 611 3254 patriam
637 3176 765 3240 domum
790 3178 907 3260 intrat,
931 3197 996 3243 non
1009 3178 1149 3243 Electra
1171 3177 1302 3241 reditus

129 3283 183 3348 die
207 3292 353 3362 nuptura
377 3291 438 3364 est,
462 3301 527 3346 non
553 3282 683 3366 Oeacis
706 3283 842 3362 Nauplii
867 3284 940 3366 filii,
964 3285 1088 3350 mentio
1113 3284 1159 3349 fit.
1185 3284 1303 3362 ltaque

132 3393 195 3456 hoe
220 3409 350 3470 quoque
375 3390 522 3454 dramate
548 3390 716 3455 Pacuvius
740 3409 804 3453 uon
836 3391 1083 3456 notissimarum
1115 3391 1303 3455 fabularum

128 3497 277 3576 vestigia
300 3505 435 3562 secutus
460 3504 528 3578 est,
560 3495 618 3560 sed
650 3498 836 3575 exemplum
868 3498 1002 3576 aliquod
1028 3498 1221 3576 discrepans
1246 3497 1302 3561 ad·

240 3836 265 3894 ll
286 3833 337 3900 „da
357 3831 467 3884 Pacuvii
486 3829 645 3885 Duloreste“
665 3831 738 3899 Lips.
760 3833 836 3886 1826.

236 3923 265 3987 2)
284 3920 344 3974 Nou
364 3919 507 3988 Euripidis,
527 3919 574 3973 aed
593 3920 706 3974 alterins
725 3928 821 3988 poetae
840 3920 935 3974 Graeci
960 3919 1130 3990 Iphigeniam
1162 3921 1303 3975 Tauricam

130 4014 216 4067 latera
236 4013 262 4065 iu
283 4010 425 4064 Duloreste
444 4009 557 4076 probare
576 4009 681 4064 studuit
702 4009 878 4063 Wonnemcr:
899 4013 960 4078 „De
978 4010 1108 4069 Pacuvio.
1128 4010 1257 4077 Imprimis
1270 4011 1304 4065 de

130 4103 188 4157 eius
208 4101 349 4168 Antiopae,
369 4098 518 4153 Dulorestis
536 4099 691 4165 Iliacaeque
704 4098 891 4167 fragineutis.“
913 4101 981 4153 11111.
995 4101 1086 4168 inaug.
1101 4100 1215 4154 Monesi.
1229 4101 1305 4164 1853,

130 4207 193 4260 pag.
213 4193 255 4246 ab.

237 4282 265 4340 31
285 4279 377 4334 Herm.
396 4278 433 4346 11,
453 4277 574 4345 aaesqq.

237 4371 265 4434 4)
284 4369 360 4424 nom.
380 4367 462 4436 Trag.
482 4367 498 4420 l.
518 4365 536 4421 l.
556 4383 619 4436 pag.
640 4367 759 4436 atesqq.
