3208 5080
611 463 833 522 -Ὴ-

136 671 177 715 ex
213 653 387 731 Sophoclis
430 653 690 734 Amphitruone,
727 673 922 733 quamquam
958 656 1041 719 haec
1076 654 1190 719 fabula
1230 654 1308 735 qnid

136 760 342 824 continuerit
373 779 439 824 non
478 761 586 824 minus
618 763 795 825 obscurum
827 769 879 826 est
909 781 1004 840 qnam
1039 761 1117 841 quid
1151 763 1308 827 Acciana.

134 866 254 943 ltaque
291 885 364 930 cum
400 885 507 945 neque
543 868 597 930 illi
633 867 700 931 viri
737 867 828 932 docti
862 886 969 946 neque
1007 869 1165 934 Welcher
1200 870 1310 933 causis

136 971 220 1036 satis
244 973 404 1050 gravibus
429 974 627 1037 sententiam
652 993 744 1038 suam
770 974 959 1056 defendant,
985 977 1038 1039 cui
1063 975 1310 1040 assentiendum

137 1079 192 1159 sit,
218 1080 375 1156 cognosci
400 1081 525 1158 nequit.

242 1185 335 1260 Ergo
361 1186 395 1249 in
420 1186 520 1250 dubio
545 1188 775 1266 relinquamus
799 1206 936 1252 neccsse
962 1195 1023 1268 est,
1058 1189 1133 1276 quis
1158 1188 1308 1252 Graecus

136 1293 232 1357 Accii
257 1301 375 1358 auctor
398 1293 512 1358 fuerit.

640 1484 799 1554 Porsinae

135 1612 264 1672 quoque
282 1614 346 1673 quo
363 1595 565 1676 referantur,
589 1597 687 1675 plane
712 1598 914 1674 ignoramus.
961 1596 1182 1672 Ribbeck1)
1200 1602 1309 1658 autem

134 1701 292 1767 Persidas
309 1702 452 1767 alterum
469 1705 723 1782 Amphitruonis
740 1704 876 1768 titulum
893 1703 998 1768 fuisse
1023 1704 1205 1768 existimat.

619 1894 827 1963 Heraclidae.

238 2004 286 2068 Ne
318 2004 352 2069 id
377 2005 508 2084 quidem
535 2014 660 2070 certum
687 2013 755 2085 est,
787 2013 899 2069 utrum
924 2005 1047 2068 Accius
1072 2004 1217 2068 fabulam
1242 2004 1305 2067 hoc

133 2113 265 2176 nomine
289 2112 428 2177 inditam
455 2114 679 2191 composuerit
702 2115 844 2188 necneli.

636 2303 805 2372 Athamas.

238 2415 372 2479 Eisdem
398 2413 654 2479 difficultatibus
687 2415 895 2492 implicamur
919 2414 1002 2477 hanc
1027 2413 1171 2477 fabulam
1205 2421 1303 2490 atque

133 2524 408 2600 Amphitruonem
434 2523 671 2587 examinantes.
732 2520 817 2602 Quid
854 2522 940 2585 enim
977 2519 1016 2583 de
1053 2519 1182 2583 Graeco
1209 2519 1303 2582 Accii

132 2629 282 2708 exemplo
312 2628 507 2709 iudicemus
540 2648 612 2693 cum
638 2647 841 2707 cognoscere
866 2636 1027 2708 vetemur,
1060 2626 1147 2705 quod
1170 2633 1304 2705 tragoe-

137 2736 210 2800 diae
228 2737 395 2800 Romanae
413 2744 644 2813 argumentum
661 2735 787 2800 fuerit?
810 2737 1063 2813 Proposuerunt
1079 2734 1303 2810 Welckerii,

131 2845 268 2908 Hartu
280 2862 300 2905 n
311 2839 381 2925 g⁴)‚
399 2843 435 2906 L.
448 2843 549 2906 Miill
560 2839 639 2924 erl)
657 2842 832 2920 Sophoclis
846 2833 1032 2920 heduam
1048 2835 1308 2922 στεφανηφόρον,

131 2951 183 3014 La
195 2948 365 3032 dewigss)
383 2940 569 3026 Ἀθάμαντα
585 2944 800 3030 μαινόμενον,
818 2951 919 3014 Ribb
931 2947 1042 3032 eck⁷i
1061 2948 1188 3028 Hygini
1205 2948 1308 3028 (poet.

131 3062 327 3138 castronio,
351 3076 425 3136 pag.
443 3062 507 3121 466
526 3058 588 3136 St.)
611 3057 848 3120 narrationem.
890 3057 981 3137 Quae
1005 3064 1115 3120 autem
1141 3055 1308 3118 sententia

131 3163 353 3244 praelerenda
376 3165 422 3229 sit
446 3165 639 3242 perspicere
664 3182 714 3228 mc
739 3183 804 3227 non
828 3182 926 3241 prosse
950 3163 1069 3230 fateor.

527 3373 651 3442 ltedea.
696 3373 919 3458 Argonautae.

239 3485 387 3551 Medeam
435 3494 469 3550 et
509 3494 722 3564 Argonautas
762 3485 882 3549 titulos
923 3484 1057 3548 eandem
1097 3482 1307 3563 tragoediam

132 3592 283 3656 indicare
308 3593 522 3672 intellegitur
553 3611 593 3657 ex
617 3593 724 3656 Nonio
750 3598 802 3671 90,
828 3598 847 3655 6
873 3599 907 3655 et
930 3591 1103 3676 Prisciano
1129 3590 1306 3670 (demetr.

131 3702 207 3763 Ter.
233 3718 309 3779 pag.
329 3705 412 3764 1325
439 3700 481 3768 cf.
498 3719 635 3778 gramm.
654 3700 727 3763 laec.
747 3699 853 3763 Keilii
870 3699 932 3779 ΙΙΙ,
958 3717 1033 3777 pag.
1050 3698 1141 3779 424),
1166 3717 1305 3776 quorum

240 3912 266 3974 1)
286 3909 303 3962 l.
324 3908 339 3961 l.
359 3925 423 3978 pag.
442 3911 504 3964 557.

238 4003 267 4063 2)
287 3998 326 4051 Of.
346 3998 467 4052 Ribbeck
484 3999 502 4054 1.
525 3999 540 4052 Ι.
560 4015 622 4068 pag.
642 4000 695 4054 560
714 4014 771 4066 sqq.

238 4090 266 4151 3)
287 4088 303 4140 l.
322 4086 341 4140 l.
361 4103 424 4156 pag.
444 4089 504 4142 323.

238 4178 266 4244 4)
286 4176 384 4244 „Sopln
403 4176 530 4244 Ιάαςαιέι
550 4193 612 4246 pag.
633 4181 675 4232 85.

239 4269 266 4329 b)
287 4266 336 4331 „de
356 4265 429 4318 Accii
448 4265 563 4320 fabulia‘
583 4281 648 4336 pag.
666 4270 709 4322 23.

240 4357 268 4424 6)
286 4355 304 4408 l.
324 4354 342 4408 l.
362 4369 422 4424 pag.
442 4355 485 4409 28.

240 4447 268 4510 7)
286 4445 304 4501 Ι.
324 4445 341 4499 l.
360 4459 421 4518 pag.
441 4446 502 4501 526.
