3208 5080
782 379 1001 438 ·-'44-

798 567 983 636 Hermiona.

407 715 460 778 Hx
499 715 680 778 Eustathio
720 713 775 794 (ad
808 713 867 777 Od.
899 732 974 792 pag
1012 717 1107 794 1497,
1127 718 1167 778 10
1185 713 1273 796 sqq.)
1313 716 1477 779 certiores

301 819 395 884 fimus
420 821 597 898 Sophoclis
621 821 834 884 Hermionam
867 821 951 885 satis
983 820 1208 898 discrepuisse
1237 823 1277 884 ab
1301 819 1478 900 Euripidis

301 926 543 1009 Andromacha,
576 946 649 991 cum
681 935 715 991 at
740 926 990 991 Andromachae
1015 936 1129 1005 partes
1153 928 1420 1005 reprimerentur
1444 937 1478 992 et

303 1052 358 1098 res
382 1034 535 1114 Delphis
560 1052 625 1098 non
663 1035 696 1098 in
726 1034 851 1098 Phthia
886 1042 1055 1113 ageretur.
1103 1034 1277 1099 Accedunt
1301 1035 1412 1100 Schol.
1437 1035 1478 1098 ad

299 1140 380 1204 Eur.
422 1140 478 1204 Or.
521 1145 616 1220 1654,
657 1141 777 1220 quibus
816 1140 972 1204 docemur
1012 1141 1264 1218 Neoptolemum
1304 1141 1476 1206 oraculum

300 1247 498 1326 Delphicum
534 1246 658 1312 adiisse
690 1266 755 1311 non
791 1255 828 1312 ut
852 1248 1041 1325 Apollinem
1078 1248 1239 1329 placaret,
1275 1248 1331 1312 sed
1369 1256 1406 1313 ut
1437 1249 1478 1312 de

299 1355 501 1419 Hermionae
526 1355 709 1418 sterilitate
726 1355 882 1434 Pythiam
908 1355 1100 1419 consuleret
1124 1354 1179 1432 (ef.
1197 1356 1297 1419 etiam
1316 1375 1390 1433 pag.
1412 1357 1476 1434 10).

403 1481 488 1546 Uter
524 1478 675 1543 Graecus
710 1487 811 1557 poeta
835 1479 982 1545 Pacuvio
1019 1480 1170 1557 exemplo
1204 1478 1309 1545 fuerit
1344 1481 1478 1545 horum-

299 1589 448 1651 locornm
475 1587 723 1664 comparatione
749 1587 981 1666 cognoscitur:

428 1693 454 1758 I.
501 1692 543 1757 fr.
567 1693 601 1758 I:
629 1712 713 1773 „quo
750 1694 881 1758 tandem
919 1694 992 1772 ipsa
1026 1695 1153 1782 orbitas

623 1800 927 1879 grandaevitasque
951 1801 1046 1865 Pelei
1069 1803 1242 1880 penuriam

621 1907 739 1984 stirpis
763 1907 940 1971 subauxit“

406 2031 516 2096 Schol.
541 2033 623 2096 Eur.
649 2032 705 2096 Or.
733 2037 835 2096 1654:

302 2133 559 2219 ,Νεοπτόλεμος
582 2131 756 2222 Ἑρμιόνην
781 2145 882 2218 γαμεῖ
901 2134 960 2224 την
985 2138 1152 2222 Μενέλεω,
1188 2141 1243 2202 καὶ
1275 2136 1404 2223 ἔρχεται
1429 2137 1477 2212 εἰς

299 2240 448 2324 Δελφούς
471 2245 551 2328 περὶ
574 2245 704 2307 παίδων
731 2241 974 2330 χρησόμενος
1011 2238 1051 2308 οό
1075 2240 1134 2330 γὰρ
1159 2239 1246 2334 αὐτῷ
1268 2245 1478 2328 ἑγὲνοντοὲξ

298 2344 472 2435 Ἑρμιόνης
491 2404 590 2418 .....
615 2355 718 2415 ταῦτα
742 2353 930 2432 γενεαλογεῖ
951 2355 1006 2416 καὶ
1029 2353 1230 2440 Σοφοκλης“.

341 2461 386 2526 Π.
433 2461 474 2525 11
499 2461 598 2526 XIV:
627 2483 666 2542 ,ο
702 2461 877 2527 flexanima
913 2471 1013 2542 atque
1051 2465 1194 2530 omnium
1221 2465 1340 2544 regina
1363 2483 1477 2528 rerum

1325 2571 1476 2650 oratio!“

448 2693 489 2761 11.
514 2694 597 2757 XV:
625 2702 748 2774 „quan
750 2712 866 2775 amque
879 2712 920 2758 ex
934 2693 1153 2760 discorditate
1163 2695 1310 2760 cladem
1301 2704 1479 2774 importem

1294 2802 1478 2866 familiae“⁸

301 2922 559 3008 Ribbeckii1)
600 2925 789 3003 opinIonem
840 2926 873 2990 hi
904 2926 970 2990 loci
1005 2927 1222 3004 comprobare
1255 2926 1422 3006 videntur,
1456 2946 1479 2990 x

301 3031 457 3095 mollibus
482 3032 630 3097 moribus
647 3033 860 3097 Hermionam
885 3033 989 3098 luisse
1015 3033 1168 3097 credidit.
1201 3033 1375 3112 Euripidis
1395 3051 1478 3099 vero

301 3138 515 3204 Hermionam
541 3140 640 3219 longe
665 3140 767 3204 aliter
791 3139 917 3204 sentire
942 3148 1054 3204 notum
1081 3148 1142 3205 est.

391 3263 453 3328 III.
500 3263 541 3328 fr.
568 3265 613 3327 V:
641 3265 754 3344 „prius
791 3263 868 3328 data
903 3273 954 3328 est
983 3283 1078 3344 quam
1103 3266 1167 3328 tibi
1192 3264 1264 3328 dari
1290 3264 1389 3344 dicta,

622 3378 680 3435 aut
704 3390 800 3451 quam
825 3371 968 3436 reditum
994 3380 1046 3437 est
1070 3372 1267 3452 Pergamo“.

394 3495 435 3560 11.
460 3496 595 3560 XVIII:
624 3495 819 3576 „Tundareo
856 3497 930 3560 fieri
961 3498 1206 3578 contumeliam,

623 3605 717 3667 cuius
761 3612 859 3681 pater
894 3613 1032 3669 veretur
1057 3604 1232 3668 maxime“.

408 3729 563 3793 Eustath
589 3729 699 3793 Schol.
726 3728 785 3793 Od.
810 3748 885 3808 pag.
913 3733 1008 3811 1479,
1028 3735 1068 3793 10
1086 3748 1175 3808 sqq

304 3847 372 3934 ,ἔτι
396 3848 431 3914 ἐν
459 3856 564 3935 Τροίη
587 3848 802 3931 τυγχάνοντος
823 3849 998 3915 Menelaon
1022 3849 1202 3938 1κδο11η111
1225 3848 1285 3938 την
1301 3847 1478 3939 Ερμιόνην

302 3953 368 4021 11πό
396 3955 573 4042 Τυνδάρεω
596 3963 641 4042 τῷ
665 3954 829 4045 Ὀρεστη.
855 3951 924 4022 εἶτα
951 3951 1084 4084 ὕστερον
1108 3952 1351 4043 όγαορεθεῐσαν
1375 3982 1478 4025 noco:

302 4063 482 4149 ἐκδοθηναο
505 4069 550 4152 τῷ
574 4067 799 4152 Νεοπτολέμῳ
822 4061 904 4129 κατὰ
929 4061 990 4151 την
1014 4064 1049 4130 ἐν
1076 4069 1181 4151 Τροοητ
1206 4062 1411 4147 ὑπόσχεσινίί

406 4367 430 4434 1)
449 4366 466 4420 l.
486 4366 504 4421 l.
524 4383 587 4439 pag.
606 4367 667 4424 263.
