3208 5080
607 441 829 502 ..19-

134 654 236 714 equus
259 643 507 716 exstrueretur,
536 633 637 697 facile
655 633 912 699 demonstratur.
944 634 1025 698 Nam
1044 634 1071 698 si
1087 636 1305 699 Troianorum

134 745 385 808 condicionibus
410 742 552 819 superbe
577 741 716 805 reiectis
742 740 863 804 Gracci
890 742 1004 805 statim
1030 743 1151 806 castris
1176 744 1308 806 relictis

132 851 277 915 reditum
313 851 499 928 finxissent,
536 848 609 911 fieri
646 867 711 911 non
748 850 869 927 potuit,
907 850 986 927 quin
1023 851 1161 914 Troiani
1192 858 1308 915 tantae

132 976 243 1022 rerum
268 957 444 1022 mutationi
482 954 584 1020 diffisi
629 955 694 1019 sibi
731 955 871 1020 insidias
916 957 1002 1020 strui
1044 958 1307 1036 suspicarentur.

132 1065 181 1128 Ne
206 1065 238 1127 id
264 1064 396 1144 quidem
430 1063 616 1126 verisimile
651 1071 703 1126 est
733 1063 867 1141 legatos
899 1064 991 1141 ipsos
1023 1065 1121 1128 initio
1147 1064 1308 1129 dramatis

135 1180 275 1250 agentes
300 1171 455 1234 inductos
480 1188 552 1234 esse
578 1170 686 1248 iisqne
711 1170 858 1247 repulsis
883 1171 996 1236 statim
1028 1169 1163 1236 fatalem
1196 1171 1307 1235 dolum

135 1279 339 1343 institutum.

237 1385 310 1448 Non
335 1385 450 1461 exigui
486 1392 597 1449 tamen
633 1385 791 1448 momenti
828 1385 862 1447 iu
897 1383 1011 1448 fabula
1046 1393 1162 1449 nostra
1197 1383 1303 1450 fuisse

132 1492 354 1557 Troianorum
390 1492 555 1569 promissa
590 1499 710 1572 monet,
748 1491 834 1569 quod
871 1492 905 1554 in
942 1500 1090 1556 extremo
1129 1493 1150 1555 i.
1177 1511 1204 1556 e.
1230 1513 1306 1571 gra-

131 1600 270 1664 vissimo
295 1599 369 1662 loco
395 1616 508 1662 eorum
534 1599 695 1661 memoria
718 1606 911 1664 renovatur.

239 1707 330 1770 Haec
355 1707 475 1786 omnia,
490 1723 575 1784 quae
593 1706 818 1787 exposuimus
836 1707 865 1770 si
882 1707 1099 1788 revolvimus,
1125 1708 1179 1770 hic
1202 1707 1307 1772 fuisse

131 1813 270 1878 videtur
305 1812 439 1876 fabulae
475 1831 694 1890 progressus:
737 1814 946 1878 Achaeorum
991 1812 1091 1878 duces
1135 1817 1307 1894 perpetuis

133 1921 284 1998 acceptis
309 1919 459 1984 cladibus
482 1921 598 1984 territi
624 1919 913 1999 diuturnitateque
937 1923 1102 1999 temporis
1128 1922 1306 2002 defatigati

130 2026 174 2091 ad
192 2028 369 2091 concilium
388 2027 599 2092 conveniunt.
626 2026 821 2108 Queruntur
837 2029 1036 2109 miserrime,
1055 2029 1140 2107 quod
1163 2032 1308 2095 amentia

131 2134 304 2199 occaecati
338 2152 461 2212 aequas
487 2134 705 2197 Troianorum
739 2134 952 2200 condiciones
977 2139 1147 2213 aspernati
1182 2138 1250 2202 sint
1274 2147 1309 2202 et

131 2241 259 2306 infecta
282 2259 319 2304 re
345 2239 474 2304 domum
499 2239 670 2304 redituros
695 2259 730 2303 se
755 2258 829 2304 esse
855 2242 1027 2318 spondent.
1076 2244 1193 2309 Ulixes
1226 2264 1307 2312 vero

131 2350 305 2413 Minervae
342 2349 533 2425 praeceptis
569 2347 731 2411 incitatus
768 2349 891 2430 obstat,
927 2367 968 2412 ne
1006 2352 1182 2415 consilinm
1207 2361 1307 2430 turpe

131 2454 323 2533 perficiant:
357 2472 397 2518 ne
431 2455 551 2518 animis
583 2453 754 2536 deficiant,
787 2456 855 2519 tria
887 2455 1052 2538 illatam,
1078 2477 1161 2536 quae
1186 2461 1307 2524 Troiae

132 2563 238 2626 exitio
275 2562 343 2625 sint
377 2561 433 2640 (cl.
466 2562 575 2626 Plaut.
606 2561 727 2625 Bacch.
761 2580 815 2627 vv.
841 2568 904 2625 952
926 2568 1022 2646 sqq.)‚
1056 2566 1189 2643 expleta
1223 2586 1307 2649 esse,

133 2687 257 2735 novum
282 2686 318 2732 sc
342 2670 430 2732 scire
455 2667 565 2732 dolum
590 2667 647 2748 (cf.
672 2669 785 2733 Plauti
811 2670 931 2733 Bacch.
957 2689 987 2735 v.
1004 2674 1094 2753 940),
1130 2692 1194 2752 quo
1228 2676 1307 2753 quin

133 2778 280 2841 hostium
316 2777 431 2839 urbem
467 2775 619 2840 eversuri
656 2776 724 2839 sint
761 2775 895 2839 dubium
930 2795 996 2841 nou
1038 2780 1095 2843 sit.
1142 2781 1306 2860 Exposito

132 2883 197 2946 hoc
222 2882 363 2945 consilio
389 2898 502 2944 omues
526 2881 767 2962 assentiuntur,
791 2882 944 2962 Epeique
969 2886 1096 2949 auxilio
1122 2887 1306 2952 artificioso

131 2979 236 3052 moles
268 2989 387 3068 ingens
429 2989 506 3066 equi
545 2988 650 3065 lignei
692 2989 883 3053 instruitur.
932 2989 1035 3071 Quam
1066 3002 1239 3072 postquam
1274 2997 1306 3059 in

131 3097 235 3160 litore
267 3096 534 3175 collocaverunt,
569 3094 691 3160 Graeci
724 3095 836 3175 lugam
872 3096 1112 3164 clandestinam
1137 3102 1307 3184 simulant,

133 3203 270 3268 Troiani
308 3221 427 3281 equum
463 3204 497 3266 in
534 3204 648 3267 urbem
684 3204 833 3267 trahunt.
880 3203 989 3269 Noctu
1031 3224 1111 3272 vero
1152 3210 1231 3273 Sino
1267 3213 1307 3275 ab

134 3310 280 3375 Achillis
315 3312 412 3374 busto
445 3308 501 3391 (ci.
533 3309 641 3374 Plaut.
676 3310 797 3374 Bacch.
832 3329 863 3376 v.
883 3313 962 3392 937)
992 3314 1123 3392 signnm
1149 3315 1216 3397 dat,
1243 3337 1307 3396 quo

133 3418 208 3483 viso
243 3416 365 3481 Graeci
398 3415 530 3480 Tenedo
563 3417 705 3480 redeunt
736 3418 916 3496 urbemque
954 3429 1155 3498 expugnant.
1203 3424 1308 3490 Exitu

133 3533 243 3589 autem
280 3523 413 3588 fabulae
449 3525 566 3590 Ulixes
602 3533 660 3590 aut
694 3525 782 3587 alius
818 3524 962 3606 quidam,
998 3529 1194 3611 respiciens
1229 3534 1307 3610 quid

134 3631 308 3712 acciderit,
334 3632 516 3696 exclamat:

487 3756 582 3818 „sero
608 3738 743 3817 sapiunt
767 3739 951 3818 Phryges.“

135 3845 230 3927 Quod
265 3853 375 3910 autem
412 3845 477 3911 fuit
513 3845 676 3910 Graecum
715 3847 814 3910 huius
844 3844 977 3911 fabulae
1002 3853 1210 3930 exemplum?
1257 3857 1308 3920 Ex

136 3953 277 4017 Graecis
301 3953 423 4034 titulis
449 3954 504 4031 qni
530 3952 661 4032 quidem
686 3954 783 4016 nobis
809 3965 1011 4036 manserunt,
1037 3959 1100 4022 huc
1126 3961 1307 4038 quadrant:

403 4059 579 4138 Sophoclis
602 4060 711 4124 Σίνων

342 4174 376 4230 et
400 4167 574 4247 Euripidis
599 4160 737 4236 Ἐπειός.

139 4270 360 4355 Welcker¹)
391 4273 553 4339 Naevium
586 4275 711 4355 Epeum
744 4274 963 4354 Euripideum
1000 4284 1206 4360 expressisse
1252 4305 1307 4351 ex·

169 4380 201 4386 “’
214 4382 271 4472 Ἦ
290 4413 307 4466 1.
327 4383 345 4468 '13
363 4428 427 4482 pag.
446 4414 499 4467 aas
518 4419 547 4467 a
569 4415 627 4468 rm.
