3208 5080
604 425 815 488 ..45..

125 617 285 684 Omnibus
325 619 379 683 hic
415 618 510 700 locis,
554 616 610 696 qui
646 616 768 695 partim
803 624 991 696 congruunt
1027 635 1099 680 cum
1136 614 1300 694 Sophocle

125 727 246 805 partim
283 726 386 790 alieni
422 734 499 790 aunt
534 727 575 789 ah
599 724 773 806 Euripide,
806 724 1011 802 perspicitur
1034 723 1226 803 Pacuvium,
1264 731 1301 786 ut

124 841 224 898 antea
239 833 382 914 Livium,
401 833 588 912 Sophoclis
613 850 677 896 non
694 831 869 909 Euripidis
886 830 1031 894 labulam
1048 828 1299 914 expressisse¹).

584 1131 628 1232 L.
665 1131 872 1231 Accius,

230 1295 432 1379 Quamquam
456 1299 651 1377 saepissime
675 1295 931 1363 florentissimus
956 1297 1011 1363 hic
1035 1296 1125 1363 inter
1146 1296 1297 1377 tragicos

123 1403 290 1468 Romanos
313 1413 414 1483 poeta
438 1405 648 1485 laudatur,a
679 1405 850 1485 Cicerone,
876 1404 1037 1478 Varrone,
1070 1405 1300 1485 grammaticis

123 1512 359 1592 scriptoribus,
395 1520 505 1577 tamen
541 1530 701 1591 nusquam
737 1513 825 1576 sicut
860 1511 899 1576 de
935 1511 1082 1578 Pacuvio
1119 1521 1153 1577 et
1190 1510 1300 1576 Ennio

123 1618 220 1682 nohis
244 1620 394 1683 occurrit
417 1627 544 1684 certum
570 1620 796 1684 testimonium
822 1618 862 1683 de
887 1619 989 1683 ullius
1012 1618 1146 1684 fabulae
1167 1619 1297 1684 Graeco

124 1726 274 1803 exemplo
299 1724 461 1807 adhibito,
486 1734 625 1804 excepto
651 1745 715 1789 uno
740 1725 780 1790 de
797 1727 962 1804 Epigonis
979 1727 1053 1790 loco
1071 1725 1302 1792 Ciceroniana.

124 1831 162 1896 Id
209 1841 319 1896 autem
368 1850 406 1895 eo
454 1834 590 1912 aegrius
637 1832 787 1912 ferimus,
836 1832 923 1911 quod
971 1852 1034 1912 quo
1083 1835 1157 1912 quis
1203 1841 1303 1912 poeta

124 1939 279 2018 longiore
319 1939 428 2018 spatio
468 1958 488 2003 a
526 1938 724 2004 rudimentis
765 1957 904 2017 poeseos
944 1941 1096 2020 tragicae
1132 1941 1300 2006 Romanae

122 2053 322 2125 segregatus
359 2054 434 2110 erat
458 2063 588 2125 quoque
612 2046 742 2128 melius,
775 2047 924 2124 priorum
950 2028 1111 2125 cremplis
1136 2046 1299 2128 eruditus,

124 2151 202 2231 quid
227 2152 267 2216 ad
287 2153 446 2234 Graecos,
472 2152 551 2233 quiid
577 2153 618 2218 ad
635 2154 801 2218 Romanos
826 2153 1001 2218 audientes
1018 2153 1300 2218 accommodatum

124 2267 223 2340 esset,
249 2259 490 2342 distinguebat,
516 2280 554 2326 eo
579 2262 720 2326 liberius
738 2262 871 2326 omissis
890 2262 1093 2326 Graecarum
1111 2261 1297 2326 fabularum

127 2368 318 2445 praeceptis
335 2386 429 2432 suum
447 2369 615 2447 ingenium
635 2387 834 2447 suorumque
848 2386 957 2433 mores
971 2368 1072 2434 duces
1086 2370 1298 2447 sequebatur.

122 2474 232 2554 Magis
268 2475 440 2554 magisque
477 2475 583 2553 igitur
607 2477 775 2554 augebant
811 2475 1041 2541 difficultatem
1067 2475 1300 2556 cognoscendi,

124 2581 212 2660 quod
252 2583 371 2661 cuique
412 2581 608 2662 tragoediae
651 2583 821 2662 exemplar
861 2567 1025 2648 Graecum
1065 2582 1298 2649 vindicandum

123 2696 222 2754 esset.
270 2689 388 2767 Itaque
421 2688 460 2753 de
485 2691 592 2770 Accii,
623 2692 847 2755 recentissimi
873 2691 998 2770 tragici
1022 2691 1174 2771 Romani,
1205 2690 1298 2755 fabu-

121 2796 228 2859 larum
253 2794 395 2861 Graecis
431 2798 625 2862 auctoribus
662 2797 821 2862 iudicium
857 2798 947 2862 ferre
984 2806 1135 2863 vetamur
1165 2797 1229 2862 nisi
1257 2835 1296 2841 -

122 2903 371 2979 praetermissis
396 2903 466 2967 illis
490 2905 579 2968 raris
604 2904 775 2985 exemplis
801 2905 857 2968 uhi
883 2923 967 2968 unus
985 2905 1135 2969 (insecus
1152 2905 1300 2982 scriptor

122 3007 267 3072 fabulam
293 3009 438 3090 aliquam
464 3012 497 3075 in
521 3010 718 3091 tragoediae
735 3010 875 3075 formam
892 3011 1026 3090 redegit
1044 3048 1081 3055 ·—
1103 3011 1299 3076 manifestus

124 3114 256 3194 quidam
281 3118 336 3182 vel
361 3119 550 3197 argumenti
575 3120 628 3185 vel
653 3120 831 3185 verborum
862 3137 1042 3183 consensus
1067 3119 1299 3199 intellegatur.

122 3221 209 3303 Quin
234 3223 363 3289 inventi
387 3234 464 3290 sunt
489 3226 545 3304 qui
581 3227 646 3291 sihi
682 3226 924 3305 persuaderent
948 3227 1084 3290 Accium
1110 3225 1197 3290 haud
1221 3245 1299 3291 raro

120 3330 287 3409 neglectis
313 3331 520 3397 dramatihus
537 3332 678 3397 Graecis
702 3352 743 3398 ex
765 3335 849 3412 ipsis
867 3335 1071 3399 Graecorum
1090 3334 1298 3411 tragicorum

121 3437 270 3501 fontibus
295 3438 459 3519 hausisse,
484 3441 576 3505 velut
601 3439 886 3520 Nieberding¹)
913 3441 1101 3506 contendit:

231 3546 366 3624 „Attius
391 3553 496 3611 totam
520 3546 660 3611 Iliadem
686 3548 719 3611 in
751 3548 940 3612 continuam
965 3547 1152 3613 fabularum
1177 3547 1298 3610 seriem

120 3650 299 3732 disposuit,
332 3661 366 3718 et
390 3654 541 3732 quamvis
566 3655 612 3718 sit
635 3655 839 3734 Aeschylum
864 3655 1026 3735 imitatus,
1058 3655 1164 3718 multa
1188 3661 1299 3718 tamen

120 3755 161 3819 de
186 3775 246 3820 suo
272 3759 407 3838 ingenio
432 3760 599 3826 addidisse
624 3769 659 3826 et
682 3761 787 3827 multo
812 3763 930 3842 minus,
956 3781 1053 3841 quam
1070 3763 1111 3825 ah
1130 3761 1298 3841 Aeschylo

122 3863 246 3928 factum
271 3874 333 3947 est,
358 3869 487 3946 epicum
513 3870 658 3933 colorem
684 3868 851 3935 delevisse
875 3869 1041 3935 videtur.“

232 4059 258 4126 l)
277 4058 407 4128 Ladawig
426 4064 520 4114 contra
539 4061 567 4129 (Ι.
587 4061 604 4114 l.
619 4076 681 4130 pag.
701 4063 730 4122 4)
755 4061 904 4115 Pacuvium
923 4077 977 4115 non
996 4060 1135 4129 Sophoclis
1154 4059 1300 4114 Hermiona

121 4161 198 4202 usum
218 4161 278 4203 esse
297 4147 469 4217 existimavit,
489 4151 524 4204 ad
543 4166 623 4218 quam
642 4151 806 4207 sententiam
825 4150 938 4206 accessit
956 4151 986 4205 L.
1005 4150 1103 4206 ntrller
1122 4150 1183 4219 (‚‚de
1200 4149 1300 4204 fabulis

121 4237 253 4292 Pacuvii‘
272 4253 334 4306 pag.
355 4236 409 4307 79).

230 4327 258 4395 1)
277 4327 360 4395 „Ilias
385 4327 494 4383 Homeri
514 4327 548 4382 ab
566 4329 598 4384 L.
617 4330 694 4386 Attio
722 4334 803 4404 poeta
829 4330 857 4390 in
885 4330 1009 4388 dramata
1027 4333 1172 4388 mavorsa“
1201 4329 1297 4398 Gymn.

121 4416 218 4484 Progr.
237 4417 341 4476 nonita
363 4417 440 4484 1838,
458 4433 521 4491 pag.
541 4420 566 4478 3.
