3208 5080
775 397 992 459 „70-

293 605 351 662 aut
368 597 409 661 ab
422 597 572 662 Acheloo
589 603 754 675 patratam
772 595 932 659 dramatis
949 601 1078 674 partem
1096 593 1247 658 effeciSse
1272 610 1470 674 persuasum
1565 622 1568 628 ·

294 705 411 768 habeo.
460 703 523 768 Sed
564 704 649 766 locis
689 702 788 780 longe
829 703 917 767 inter
956 719 992 764 se
1032 702 1190 780 sepositis
1239 709 1334 766 actus
1378 711 1473 765 esset

294 801 456 890 Ἀλκμέων,
482 812 510 874 si
536 811 633 875 initio
648 810 873 890 Alphesiboea
889 808 1056 886 Psophide
1081 809 1141 872 illa
1164 809 1267 873 verba
1294 808 1471 890 edidisset,

294 927 412 997 postea
436 919 572 982 Alcmeo
598 917 683 996 apud
711 917 893 980 Acheloum
917 923 1065 980 moratus
1090 924 1188 980 asset.
1235 916 1355 994 Itaque
1379 915 1469 980 idem

293 1025 365 1088 fere
384 1035 615 1102 argumentum
633 1025 809 1103 Sophoclis
825 1023 1003 1102 tragoedia
1026 1023 1143 1086 habuit
1167 1031 1267 1101 atque
1291 1023 1469 1102 Euripidis

293 1124 449 1209 Ἀλκμέων
473 1123 525 1192 clad
553 1130 716 1221 Ψωφῖδος.

398 1238 478 1302 Inde
496 1247 605 1303 autem
619 1240 787 1304 evincitur
803 1256 844 1302 ne
860 1238 1118 1316 Alphesiboeam
1137 1236 1268 1315 quidem
1285 1239 1467 1302 Accianum

292 1346 467 1423 Sophoclis
497 1346 644 1422 vestigia
679 1346 854 1423 pressisse.
901 1345 1098 1409 Liberorum
1130 1345 1314 1408 enimcum
1339 1347 1466 1409 mentio

290 1453 348 1516 fiat
384 1451 571 1532 fragmento
597 1453 700 1533 VIII,
733 1452 846 1516 fabula
880 1453 1027 1516 Acciana
1051 1453 1092 1515 ab
1117 1451 1187 1532 illo,
1221 1450 1307 1528 quod
1332 1452 1466 1515 enucle-

292 1560 431 1640 avimus,
449 1566 646 1638 argumento
663 1560 848 1637 Sophocleo
866 1558 977 1623 aliena
993 1565 1054 1625 est.
1105 1559 1220 1622 Utrum
1237 1558 1467 1635 Alphesiboea

290 1663 403 1729 fabula
428 1684 500 1729 curn
525 1667 706 1730 Alcmeone
732 1666 934 1730 conectenda
958 1665 1019 1745 sit,
1045 1664 1077 1728 id
1103 1665 1189 1743 quod
1214 1672 1406 1729 statuerunt
1431 1675 1466 1730 et

290 1772 455 1849 Bocheq
492 1780 527 1836 et
562 1770 797 1855 Welckerl),
834 1791 875 1836 an
907 1773 948 1836 ab
984 1789 1023 1835 eo
1058 1771 1281 1853 segreganda,
1313 1771 1346 1835 id
1376 1771 1464 1849 quod

289 1876 502 1960 Ribbeokl)
528 1881 594 1943 sibi
618 1881 796 1959 persuasit,
823 1879 1007 1943 diiudicare
1031 1886 1181 1943 nostrum
1205 1899 1271 1943 non
1295 1887 1355 1946 est.
1440 1964 1443 1968 ¹

397 1984 448 2048 Ad
469 1985 564 2050 finem
582 1988 793 2064 pervenimus
816 1986 1023 2065 quaestIonis
1040 1985 1080 2049 de
1097 1987 1146 2050 eis
1163 1985 1286 2051 fabulis
1303 1989 1463 2052 Accianis

289 2093 483 2174 institutae,
516 2095 636 2171 quibus
660 2093 730 2158 fata
755 2094 946 2158 Alcmeonis
970 2111 1130 2171 expressa
1154 2102 1240 2158 sunt.
1287 2094 1324 2158 Id
1350 2101 1463 2158 autem

290 2198 534 2264 demonstrasse
542 2202 638 2266 nobis
652 2201 802 2266 videmur
816 2202 960 2279 priorem
975 2209 1113 2281 partem,
1128 2219 1223 2278 quarn
1235 2192 1462 2265 ‘Alcmeonem

290 2313 323 2371 et
346 2298 558 2387 Eriphylam'
587 2309 772 2372 inscribere
805 2309 901 2372 nobis
926 2307 1045 2388 liceat,
1070 2307 1296 2386 depromptam
1321 2326 1395 2371 esse
1420 2328 1462 2372 ex

290 2414 466 2495 Sophocle,
491 2415 631 2478 alteram
655 2415 788 2479 aliunde
812 2415 958 2480 fluxisse.

774 2712 976 2799 Amphitruo.

396 2824 467 2888 Non
486 2825 535 2887 ita
552 2842 677 2902 paucae
694 2833 771 2887 sunt
794 2824 959 2902 reliquiae
977 2822 1074 2886 huius
1099 2822 1270 2903 dramatis
1295 2823 1352 2888 sed
1377 2823 1462 2887 adeo
1483 2807 1489 2816 ⁵

289 2933 461 3012 obscurae,
486 2940 524 2996 ut
547 2931 620 2994 fieri
644 2932 811 3009 potuerit,
846 2938 881 2995 ut
904 2938 975 2994 tres
1000 2929 1040 2993 de
1065 2938 1260 3009 argumento
1286 2931 1463 3009 opiniones

289 3039 493 3105 existerent:

390 3144 653 3222 Ribbeckiol)
679 3143 911 3209 Comaetbonis
938 3143 1084 3221 proditio
1108 3151 1256 3209 tractata
1272 3144 1462 3224 videbatur,

391 3252 609 3332 Hartung⁵)
647 3259 681 3315 et
722 3253 759 3314 A.
786 3251 985 3329 Schoelll)
1024 3251 1169 3316 fabulam
1206 3252 1247 3316 ad
1285 3251 1463 3330 EuripidIs

448 3359 628 3423 Herculem
652 3357 821 3438 referunt,

396 3464 622 3548 Welckerl)
648 3449 924 3544 Amphitruonem
941 3466 1132 3529 Alcmenam
1157 3467 1191 3529 in
1216 3467 1462 3531 matrimonium

450 3572 625 3638 ducturum
639 3573 823 3651 proposuit.
861 3573 1022 3636 Hausisse
1039 3582 1149 3638 autem
1163 3575 1300 3638 Accium
1318 3573 1464 3638 affirmat

289 3689 500 3712 *bn-s...—

399 3749 424 3808 1)
444 3748 498 3802 Rh.
518 3748 585 3801 Mus.
605 3746 637 3814 V,
657 3763 719 3814 pag.
740 3747 801 3801 212.

395 3838 422 3906 2)
443 3837 472 3890 L.
492 3837 510 3890 l.
531 3852 593 3906 pag.
613 3837 673 3891 279.

396 3927 425 3988 3)
445 3925 462 3979 l.
482 3925 499 3978 l.
519 3941 582 3994 pag.
601 3925 651 3980 101
673 3941 729 3992 sqq.

395 4016 423 4080 4)
441 4014 459 4068 1.
481 4014 498 4068 l.
517 4031 580 4084 pag.
600 4017 661 4069 111.

396 4106 423 4168 1)
445 4104 540 4173 „Sopb
561 4104 689 4172 Fragm.“
709 4104 780 4172 Idps.
802 4105 879 4170 1851,
899 4119 962 4172 pag.
985 4108 1034 4158 149
1053 4120 1110 4172 sqq.

396 4193 425 4252 6)
446 4193 521 4259 „Dee
534 4193 677 4262 Sophocles
690 4193 789 4247 Werkc
802 4193 992 4247 verdeutscht“
1012 4195 1076 4248 fasc.
1093 4195 1172 4249 VIII:
1187 4194 1464 4263 „'Prachioierinnen“

289 4297 352 4350 pag.
371 4283 424 4336 216
444 4297 500 4350 sqq.

396 4375 423 4438 7)
441 4372 459 4426 1.
479 4371 497 4426 l.
517 4373 660 4442 111371.
