3208 5080
248 1508 497 1587 Exquirendum
524 1525 596 1570 cum
618 1507 699 1570 mihi
728 1523 958 1586 proponerem,
977 1505 1173 1583 quibusnam
1191 1503 1315 1568 fabulis

144 1623 262 1692 poetae
291 1616 416 1694 tragici
448 1615 589 1678 Romani
621 1614 796 1691 Sophoclis
827 1595 974 1686 vestigia
1007 1612 1225 1693 pressissent,
1251 1631 1316 1675 non

143 1740 193 1784 me
230 1721 358 1803 effugit,
395 1739 491 1799 quam
525 1721 701 1784 lubricum,
727 1738 888 1799 quamque
918 1713 1153 1783 difficultatum
1183 1721 1315 1798 plenum

143 1830 314 1903 negotium
352 1828 567 1904 susciperem.
625 1826 711 1907 Quid
746 1825 858 1890 enim?
903 1827 1008 1890 Vasta
1054 1825 1316 1906 fragmentorum

143 1936 291 1998 tenuium
326 1942 437 1998 strues
470 1933 556 2011 apud
588 1933 754 1997 Romanos
779 1950 884 2011 aeque
916 1941 1016 2010 atque
1048 1933 1134 2011 apud
1169 1933 1317 1997 Graecos

145 2043 328 2120 —··pancis
353 2040 477 2104 fabulis
502 2041 653 2118 exceptis
681 2076 718 2082 --
744 2040 894 2119 tragicos
919 2048 1036 2117 poetas
1061 2048 1220 2105 extenta
1245 2041 1316 2120 illa,

145 2167 228 2227 quae
252 2147 328 2226 fuit,
357 2147 609 2226 tragoediarum
641 2147 844 2211 abundantia
878 2147 918 2210 ad
949 2165 1009 2210 nos
1042 2149 1208 2228 pervenit,
1243 2167 1316 2211 coa-

146 2263 283 2320 cervata
307 2244 600 2334 grammaticorum
626 2254 834 2331 aliorumque
861 2271 972 2334 opera,
997 2272 1062 2317 non
1088 2273 1151 2332 quo
1178 2240 1316 2332 cognos'·

54 2441 56 2446 Ι
146 2370 291 2441 ceretur,
328 2361 426 2439 quale
458 2359 591 2446 fuisset¹
615 2361 784 2438 ingenium
821 2361 956 2424 illorum
992 2369 1165 2439 poetarum
1195 2361 1316 2440 quidve

147 2469 266 2546 cuique
285 2468 469 2532 dramatum
487 2467 692 2547 deberemus
718 2466 777 2530 sed
794 2474 831 2530 ut
848 2468 902 2532 vel
920 2468 1112 2546 splendidae
1130 2470 1317 2533 sententiae

146 2574 201 2640 vel
236 2573 363 2637 formae
400 2575 571 2638 obsoletae
607 2574 662 2636 vel
698 2574 765 2636 alia
801 2573 964 2637 eiusmodi
993 2575 1220 2639 laudarentur.
1268 2576 1320 2639 Ex

147 2682 200 2744 his
224 2681 332 2758 igitur
354 2681 511 2758 reliquiis
544 2681 781 2744 enucleandum
808 2688 861 2744 est
885 2681 1041 2762 primum,
1067 2681 1145 2759 quid
1171 2701 1320 2761 quaeque

147 2785 261 2850 fabula
286 2786 417 2850 Graeca
453 2794 487 2850 et
520 2787 686 2867 Romana,
720 2788 814 2850 cuius
838 2788 998 2851 memoria
1022 2788 1128 2851 adhuc
1153 2797 1320 2871 servatur,

148 2894 363 2958 continuerit.
413 2891 523 2971 atque
549 2894 611 2956 hoc
636 2893 767 2971 quidem
793 2911 876 2970 opus
901 2895 1044 2971 insignis
1068 2895 1217 2959 virorum
1246 2895 1321 2958 doc-

147 3001 353 3064 tissimorum
390 3001 543 3077 inprimis
577 3000 828 3077 Welckeri1)
866 3008 899 3064 et
935 2998 1197 3083 Ribbeckim)
1226 3003 1323 3066 labor

150 3107 288 3186 egregie
312 3106 514 3186 sublevavit,
541 3107 597 3185 qui
623 3107 656 3170 in
672 3105 893 3170 restituendis
911 3106 1096 3171 dramatum
1114 3109 1322 3194 argumentis

150 3221 184 3276 et
220 3214 252 3276 in
293 3211 493 3291 fragmentis
537 3232 596 3276 suo
641 3213 715 3275 loco
751 3213 938 3277 inserendis
975 3232 1100 3279 summa
1136 3217 1323 3294 sagacitate

151 3337 284 3408 operam
331 3320 591 3384 collocaverunt.
641 3319 712 3400 Quo
749 3317 872 3384 fectum
910 3303 980 3404 est',
1017 3329 1054 3385 ut
1089 3323 1149 3385 illo
1185 3324 1323 3398 negotio

152 3426 345 3505 plerumque
370 3425 589 3503 supersedere
614 3434 648 3490 et
673 3427 786 3490 statim
812 3427 852 3490 ab
878 3427 977 3491 initio
1002 3427 1042 3490 ad
1077 3429 1184 3506 ipsum
1216 3448 1322 3492 meum

150 3533 357 3610 propositum
389 3531 530 3611 aggredi
559 3551 700 3611 possem.
760 3531 824 3596 Sed
861 3533 1011 3610 quamvis
1045 3534 1179 3598 adiutus
1214 3543 1325 3599 tamen

151 3639 235 3702 satis
271 3657 436 3717 superque
474 3640 687 3717 opprimebar
724 3638 958 3704 difficultatum
993 3648 1027 3704 et
1051 3642 1266 3706 multitudine
1292 3651 1326 3706 et

151 3745 331 3822 gravitate.
379 3746 460 3809 Nam
486 3754 522 3810 ut
546 3754 777 3825 argumentum
801 3745 935 3810 fabulae
961 3747 1130 3810 cuiusdam
1156 3749 1324 3812 Romanae

152 3852 250 3917 fixum
280 3860 314 3916 et
347 3851 493 3917 dilucide
519 3853 688 3931 cognitum
714 3860 821 3933 esset,
857 3855 1027 3917 cuiusnam
1057 3863 1177 3931 poetae
1202 3855 1324 3919 Graeci

153 3959 304 4036 exemplo
319 3958 437 4022 ductus
450 3968 568 4024 auctor
581 3959 726 4023 fabulam
740 3977 831 4022 suam
847 3961 1100 4042 composuisset,
1119 3964 1326 4039 quaestionis

154 4066 294 4130 maxime
319 4064 442 4129 arduae
468 4074 550 4130 erat.
599 4067 738 4144 Saepius
763 4067 850 4130 enim
873 4085 929 4130 res
953 4069 1127 4145 proposita
1150 4077 1218 4133 tam
1243 4070 1326 4132 bene

262 4258 288 4320 1)
308 4256 378 4326 „Die
405 4257 588 4326 griechischen
616 4257 783 4326 Tragoedien
812 4257 862 4311 mit
889 4258 1038 4312 Rdekaioht
1065 4258 1115 4312 auf
1131 4260 1183 4314 dan
1203 4260 1326 4327 epischen

157 4344 252 4412 Cyclas
270 4347 437 4413 gaordnet..“
475 4346 586 4402 Bonnae
607 4347 696 4416 will„
719 4346 782 4411 (Rh.
802 4347 869 4400 llus.
888 4347 978 4414 Suppl.
998 4349 1045 4401 11:

263 4437 291 4504 2)
309 4437 378 4504 „Die
397 4437 527 4490 romische
545 4435 697 4504 Tragoedia
716 4438 751 4489 im
770 4435 902 4490 Zeitalter
920 4437 967 4490 der
985 4437 1144 4505 Republik.“
1164 4438 1236 4505 Lipa
1249 4438 1325 4492 1875-
