3208 5080
603 425 822 494 ..37,„

124 636 280 692 auctores
304 625 450 707 fuerunt,
475 625 533 689 sed
558 626 658 690 etiam
684 625 880 704 Sophoclem
902 625 1060 702 Euripidi
1091 622 1297 703 aliquantum

125 735 340 800 auctoritatis
367 733 555 798 detraxisse
579 733 810 812 videbimus1).

533 1032 706 1101 Armorum
732 1032 895 1100 iudicium.

234 1145 326 1208 Hanc
357 1145 502 1209 tabulam
526 1163 591 1208 non
616 1144 711 1208 modo
736 1143 770 1207 id
796 1145 1001 1208 continuisse
1027 1142 1114 1222 quod
1138 1144 1299 1224 Aeschyli

118 1241 256 1312 ‘'Onlan
280 1252 392 1334 κρίσις,
419 1251 476 1316 sed
503 1253 603 1315 etiam
624 1251 738 1315 Aiacis
763 1258 902 1315 mortem
927 1250 1126 1327 fragmentis
1151 1269 1299 1329 compro-

125 1358 236 1422 batur.
296 1362 406 1437 Atque
449 1359 603 1436 quoniam
640 1358 860 1439 Aeschyleam
903 1359 996 1422 illam
1039 1357 1185 1422 fabulam
1228 1376 1300 1422 cum

127 1463 254 1528 duabus
279 1465 367 1547 aliis,
394 1483 477 1544 quac
502 1464 655 1530 fuerunt:

493 1573 638 1656 Θρῇσσαι
662 1579 696 1636 ct
719 1569 931 1651 Σαλαμίνιαι,

126 1677 299 1756 trilogiam
332 1678 502 1760 effecisse,
530 1673 677 1764 Θρῄσσαις
705 1697 786 1745 vero
817 1679 857 1743 de
881 1679 996 1743 Aiacis
1020 1687 1127 1744 morte
1152 1678 1304 1757 egissell

127 1785 267 1866 scimus,
313 1805 376 1849 non
425 1787 538 1864 inepte
586 1787 740 1850 conicere
773 1786 926 1867 videtur,
967 1788 995 1850 si
1021 1788 1097 1865 quis
1120 1787 1302 1851 Pacuvium

128 1892 265 1970 primam
303 1900 337 1956 et
372 1893 548 1956 secundam
583 1894 745 1972 trilogiae
780 1893 925 1958 fabulam
962 1895 1052 1959 inter
1087 1913 1122 1958 sc
1159 1912 1302 1958 conexas

129 1999 306 2064 Armorum
339 2000 464 2064 indicio
488 1999 676 2064 reddidisse
701 2001 766 2064 sibi
791 2000 980 2078 persuadet.
1028 2002 1110 2065 Fuit
1134 2009 1243 2066 autem
1268 2001 1302 2065 in

129 2105 190 2173 hac
225 2108 380 2186 opinione
406 2107 445 2171 G.
470 2106 701 2187 Welckerl‘).
749 2107 812 2172 Sed
836 2117 1025 2186 repugnant
1049 2107 1228 2188 fragmenti
1252 2109 1303 2172 XI

128 2218 250 2284 verba:
1283 2253 1285 2256 ·

131 2322 240 2403 „qnod
256 2341 319 2401 ego
338 2321 487 2388 inaudivi
505 2321 661 2400 accipite,
686 2320 815 2400 etquid
833 2322 879 2385 sit
895 2320 985 2387 facto
1003 2341 1085 2401 opus
1099 2322 1301 2405 decernite,“

130 2448 214 2509 quac
246 2424 464 2510 Ribbech⁴)
498 2429 607 2492 nuntii
643 2427 811 2492 cuiusdam
842 2428 947 2493 fuisse
976 2438 1093 2512 putat,
1126 2431 1303 2508 quiquam

129 2537 231 2601 finem
268 2536 383 2600 Aiacis
419 2543 453 2600 et
486 2536 597 2600 Ulixis
633 2535 672 2598 de
696 2536 842 2599 Achillis
877 2537 979 2600 armis
1015 2545 1182 2602 certamen
1218 2537 1305 2615 apud

129 2643 258 2708 iudices
283 2643 465 2723 habuisset,
493 2641 650 2706 referret.
697 2642 815 2722 ltaque
840 2643 1018 2708 secundum
1042 2645 1304 2708 Ribbeckium

130 2750 290 2815 iudicium
323 2767 387 2812 nou
420 2767 530 2812 coram
555 2748 787 2830 audientibus,
818 2751 876 2814 sed
904 2759 981 2828 post
1009 2769 1140 2815 scenam
1164 2770 1305 2830 perage·

129 2860 245 2938 hatur,
279 2856 420 2935 ideoque
445 2854 633 2934 fragmenta
656 2855 704 2920 IV
730 2863 764 2920 et
790 2857 815 2919 V
840 2858 998 2922 attribuit
1022 2859 1237 2923 altercationi
1263 2860 1305 2938 ei,

129 2984 196 3044 qua
220 2965 306 3028 Aiax
331 2971 365 3028 et
388 2963 523 3044 Ulixes,
548 2963 741 3042 priusquam
766 2963 925 3027 iudicium
950 2966 1160 3046 instituatur,
1185 2967 1306 3044 quibus

131 3078 275 3150 uterque
308 3071 418 3135 causis
443 3068 644 3150 adducatur,
677 3078 715 3135 ut
746 3070 811 3134 sibi
836 3089 927 3134 arma
950 3071 1113 3136 tradenda
1137 3090 1210 3136 esse
1236 3073 1305 3136 exi·

131 3179 256 3259 stimet,
282 3178 430 3242 interae
456 3175 640 3256 proferunt.
680 3177 802 3242 Mirum
828 3185 938 3243 autem
962 3179 1043 3243 mihi
1069 3178 1204 3244 videtur
1220 3179 1305 3243 illud

130 3284 307 3365 iudicium,
349 3282 436 3363 quod
471 3285 679 3361 aptissimum
716 3293 791 3348 erat
825 3285 865 3348 ad
891 3285 1105 3352 dramaticam
1141 3283 1304 3369 poesim),

131 3391 219 3470 quod
263 3391 403 3456 Pacuvii
444 3389 642 3466 tragoediae
678 3409 796 3454 nomen
832 3390 1018 3473 indiderat,
1055 3393 1304 3470 spectatoribus

47 3577 50 3581 Ι
130 3499 290 3563 Romanis
329 3497 529 3562 iudiciorum
576 3498 762 3562 amantibus
798 3499 1003 3563 subtractum
1042 3517 1124 3564 csse.
1196 3500 1303 3565 Multo

139 3676 342 3685 -——-—-———

241 3799 266 3861 1)
285 3798 380 3853 Paullo
400 3798 576 3853 festinantius
589 3797 716 3853 Walchar
733 3798 751 3852 l.
763 3798 782 3852 l.
802 3812 863 3865 pag.
886 3798 954 3852 1342
967 3797 1085 3865 itemquo
1095 3798 1198 3853 Teuffel
1212 3799 1304 3867 (.,Caa·

128 3887 207 3942 cilius
220 3888 333 3952 Statius,
352 3888 495 3953 Pacuvius,
514 3887 617 3954 Attius,
637 3887 783 3942 Alraniua“
797 3886 892 3954 Pron.
905 3887 979 3940 acad.
993 3885 1077 3942 Tnab.
1096 3887 1170 3954 1858,
1183 3905 1247 3957 pag.
1260 3890 1303 3954 10)

130 3978 280 4031 Pacuvium
299 3977 436 4045 Sophoclis
454 3977 585 4047 imprimis
603 3977 723 4045 vestigia
742 3977 871 4045 pressisse
890 3980 1055 4031 statuerunt.

236 4068 264 4131 2)
284 4066 319 4122 cf.
344 4066 457 4120 Nauclxii
484 4067 557 4136 frgg.
585 4074 677 4136 tragg.
705 4081 811 4136 macc.
840 4082 901 4134 pag.
916 4065 1011 4135 bulo&
1045 4063 1131 4120 Schol.
1160 4065 1195 4119 ad
1224 4066 1303 4134 Soph.

130 4157 205 4210 Aiac.
226 4172 250 4210 v.
270 4155 330 4211 815.

237 4248 265 4310 a)
282 4245 313 4299 n
334 4232 424 4314 ‚diser
443 4245 493 4299 oen
514 4245 585 4299 atax
604 4245 650 4300 aas
669 4245 830 4314 sophoclea
850 4244 900 4300 an.
920 4245 988 4299 nas.
1008 4244 1051 4299 ru
1064 4259 1126 4314 pag.
1141 4245 1184 4299 ns.

238 4338 267 4399 4)
286 4335 305 4392 1.
320 4336 337 4390 l.
356 4351 420 4404 pag.
439 4335 500 4388 290.

239 4425 267 4494 5)
286 4424 318 4479 ol
338 4423 461 4492 Aeschyli
482 4423 658 4478 Eumenidum
678 4428 827 4479 extremam
847 4431 959 4495 partem
