3208 5080
778 385 994 446 -16-

298 599 362 646 1101]
380 578 568 658 defuerunt,
587 578 642 656 qui
660 577 759 640 aliam
777 579 978 641 sententiam
996 579 1198 656 proferrent.
1229 579 1472 664 Duentzer¹)

299 687 384 750 euim
422 685 583 751 Naevium
619 704 683 747 non
727 685 915 764 Aeschylo,
953 685 1011 748 sed
1048 685 1302 751 Anaxandridae
1340 705 1472 766 operam

300 791 432 855 dedisse
468 791 611 870 iudicat,
648 792 685 854 L.
712 789 926 872 Mueller2)
964 810 1044 856 vero
1083 801 1117 857 et
1145 793 1373 874 Ribbeck³)‚
1402 813 1471 858 rem

300 901 462 962 incertam
488 916 561 962 esse
585 905 767 962 autumant.
805 897 856 962 Ad
872 898 1066 976 Euripidem
1090 899 1234 964 referam
1251 900 1472 982 Iphigeniam,

298 1006 413 1070 eodem
449 1005 594 1069 fortasse
629 1006 729 1068 etiam
766 1004 1127 1090 Andromacham),
1164 1026 1236 1071 cum
1268 1009 1371 1072 verba
1396 1008 1472 1071 inde

301 1133 320 1178 a
345 1114 463 1179 Servio
487 1112 542 1192 (ad
568 1113 669 1192 Verg.
695 1115 819 1190 Georg.
837 1113 864 1193 I,
882 1113 961 1194 266)
985 1112 1106 1178 allata:

409 1219 516 1301 „quod
540 1227 587 1300 tu,
612 1220 657 1282 mi
681 1227 794 1298 gnate,
820 1237 954 1300 quaese,
979 1226 1016 1283 ut
1041 1220 1075 1283 in
1099 1229 1216 1298 pectus
1240 1229 1333 1284 tuum

406 1326 573 1407 demittas
597 1333 762 1404 tamquam
789 1327 823 1389 in
846 1325 994 1389 fiscinam
1019 1325 1242 1391 vindemitor“

300 1454 319 1496 a
343 1441 447 1497 matre
474 1435 494 1498 i.
520 1452 547 1497 e.
566 1433 797 1497 Andromacha
821 1451 924 1510 puero
943 1450 987 1496 sc.
1011 1433 1157 1496 Molosso
1177 1433 1266 1498 diota
1283 1434 1470 1498 videantur.

298 1539 392 1606 Unde
416 1540 568 1604 hauserit
592 1540 739 1604 Naevius
763 1538 894 1602 fabulas
919 1557 985 1619 eas,
1012 1557 1095 1618 quaa
1120 1541 1350 1604 inscribuntur·

559 1647 707 1710 Hesiona
732 1655 766 1709 et
790 1646 917 1710 Hector
940 1647 1154 1723 proficiscens

298 1755 448 1832 ignotum
488 1762 558 1835 est,
602 1754 668 1817 nisi
709 1754 887 1817 Hectorem
927 1754 1193 1831 proficiscentem
1234 1754 1471 1835 Astydamauti

297 1862 449 1925 tribuere
473 1862 636 1926 volumus
683 1861 826 1925 Restant
851 1861 958 1939 igitur
983 1860 1065 1924 duae
1095 1869 1223 1926 tantum
1256 1861 1469 1940 tragoediae:

624 1968 738 2032 Danae
763 1975 798 2030 et
820 1968 936 2046 Equus
966 1969 1131 2032 Troianus

297 2093 380 2155 quos
404 2075 524 2140 titulos
549 2076 649 2139 etiam
675 2075 765 2138 inter
789 2075 949 2138 Livianos
973 2076 1193 2152 repperimus.

695 2415 823 2500 Equus
851 2415 1064 2483 Troianus.

402 2581 463 2643 Est
498 2581 591 2643 locus
620 2581 731 2643 Plauti
765 2579 965 2643 Bacchidum
998 2575 1065 2662 (vv.
1086 2584 1259 2660 hidam),
1286 2580 1342 2642 ubi
1367 2581 1470 2661 Chry·

297 2686 389 2750 salus
413 2687 521 2750 facete
559 2685 659 2750 dictis
696 2685 818 2750 alludit
853 2686 894 2749 ad
930 2687 1051 2750 'i‘roiae
1089 2687 1379 2766 expugnationem,
1404 2692 1469 2748 tam

295 2802 452 2858 accurate
487 2795 540 2859 vel
575 2793 615 2856 ad
649 2813 701 2856 res
727 2795 834 2858 miuus
859 2803 956 2859 notas
981 2813 1173 2874 recurrens,
1200 2802 1236 2857 ut
1260 2795 1470 2872 perspicuum

296 2902 342 2964 sit
367 2901 410 2981 id,
436 2900 522 2980 quod
546 2901 686 2965 Plautus
711 2902 823 2964 iocoso
849 2903 996 2982 exponit,
1010 2903 1134 2966 Romae
1151 2909 1220 2964 tum
1237 2901 1470 2979 pervulgatum

299 3008 404 3072 i'uisse
442 3008 652 3087 omniumque
688 3009 807 3071 animis
844 3009 1039 3085 haesissem).
1088 3009 1159 3072 Non
1196 3009 1303 3087 igitur
1334 3007 1471 3070 Kiess-

298 3115 508 3194 lingium⁶)
533 3133 665 3194 sequar,
690 3116 746 3194 qui
771 3124 876 3179 totum
903 3116 989 3178 hunc
1014 3117 1120 3179 locum
1147 3116 1312 3194 originem
1338 3113 1472 3177 duxisse

297 3231 393 3302 putat
417 3241 457 3286 ex
481 3222 674 3302 Menandro,
700 3224 794 3286 cuius
819 3222 865 3291 δὶς
889 3217 1063 3294 ἐξαπατῶν
1085 3222 1307 3286 Bacchidibus
1347 3222 1471 3299 subest,

297 3330 355 3394 sed
391 3328 690 3410 Welcherum⁷)‚
723 3330 779 3408 qui
814 3350 878 3394 non
913 3331 1090 3394 iniucunde
1116 3332 1305 3408 suspicatus
1330 3337 1472 3391 estnon

298 3439 346 3502 ita
370 3437 473 3500 multo
507 3444 584 3499 ante
617 3437 650 3500 iu
668 3437 800 3500 theatro
826 3439 947 3501 drame
973 3438 1250 3515 expugnationem
1286 3436 1470 3499 exhibitam

297 3545 401 3608 fuisse
427 3563 472 3607 sc.
499 3563 517 3606 a
542 3544 639 3608 Livio
658 3551 716 3606 aut
733 3563 752 3606 a
768 3544 906 3624 Naevio,
925 3545 981 3622 qui
999 3554 1139 3623 uterque
1159 3543 1220 3607 hoc
1238 3551 1469 3620 argumentum

406 3757 431 3816 1)
451 3753 502 3806 Rh.
523 3753 589 3805 Mus.
613 3752 635 3804 V
654 3753 756 3821 (1837),
776 3769 820 3822 pg.
834 3755 888 3808 433
897 3769 954 3821 sqq.

403 3843 431 3905 2)
451 3841 468 3894 1.
489 3841 505 3894 l.
526 3857 587 3910 pag.
602 3843 645 3896 50.

404 3935 431 3992 3)
452 3930 468 3983 l.
489 3930 507 3983 l.
526 3946 589 3998 pag.
603 3933 646 3986 57.

403 4022 430 4083 4)
450 4019 500 4072 nisi
520 4018 590 4075 forto
609 4020 694 4074 Novio
714 4021 780 4074 hacc
799 4020 891 4074 fabula
910 4020 1053 4074 tribuenda
1072 4029 1121 4075 ast.

404 4111 432 4177 5)
451 4107 486 4162 cf.
506 4111 586 4162 etiam
607 4110 699 4164 Plauti
720 4110 882 4164 Pseudolum
902 4127 925 4164 v.
950 4111 1025 4164 1244.

403 4202 430 4264 6)
450 4197 483 4251 of.
504 4198 653 4264 ,‚Analecta
677 4200 821 4254 Plautiua‘·'
861 4200 919 4256 Iud.
949 4200 1030 4257 schol.
1050 4199 1201 4270 Gryphisw.
1223 4216 1286 4256 sem.
1307 4203 1372 4252 aest.
1395 4197 1472 4260 1878,
1589 4203 1590 4220 ’

297 4286 360 4340 pag.
382 4272 423 4325 14.

405 4379 430 4448 7)
449 4377 466 4432 l.
485 4378 502 4432 l.
522 4393 584 4449 pag.
604 4379 668 4434 623.
