3208 5080
761 377 977 436 ..12-

375 565 543 647 Videmus,
561 586 787 646 quaecumque
805 568 933 632 scelera
950 568 1086 647 Pelopis
1103 568 1230 632 familia
1244 570 1459 650 commiserit,

285 681 442 738 accurate
467 676 655 739 enumerari
681 683 822 752 excepta
846 676 969 739 misera
994 676 1089 739 Atrei
1116 683 1241 752 morte;
1274 695 1369 754 quam
1395 696 1460 740 non

285 779 482 844 crediderim
518 781 657 844 Dionem
691 782 887 845 omissurum
922 781 1043 861 titisse,
1077 782 1105 844 si
1138 781 1223 860 apud
1263 781 1459 861 Sophoclem

285 894 343 950 aut
366 886 555 967 Euripidim
580 894 759 952 tractatam
778 888 973 967 invenisset,
999 887 1056 951 sed
1073 888 1142 951 tale
1160 888 1238 966 quid
1256 889 1459 966 scripturum

285 993 408 1058 fuisse:

393 1083 486 1169 οὗτος
511 1090 719 1161 δ’ἇπέκτεινε
744 1094 828 1177 μετὰ
853 1098 930 1177 μὲν
952 1101 1020 1161 τοῦ
1036 1102 1208 1162 Θυέστου
1231 1095 1299 1163 τὸν
1315 1092 1460 1183 Ἀτρέα,
1513 1115 1515 1118 ·

389 1199 473 1284 μετὰ
499 1204 533 1268 dd
548 1209 604 1289 τῆς
616 1202 903 1288 Κλυιαιμνήσσρας
919 1201 977 1268 τὸν
991 1198 1220 1289 Ἀγαμέμνονα,
1236 1200 1295 1269 τὸν
1312 1211 1460 1285 ποιμένα

390 1314 455 1374 τῶν
480 1303 633 1390 Ἀχαιῶν.
654 1364 686 1378 .,

287 1422 348 1484 His
382 1421 534 1484 omnibus
570 1420 609 1484 de
646 1422 756 1484 causis
792 1437 985 1500 persuasum
1022 1422 1127 1485 habeo
1163 1441 1182 1485 a
1216 1422 1379 1501 Sophocle
1404 1423 1459 1485 ab·

288 1526 498 1592 iudicandum
524 1545 597 1591 esse
622 1529 801 1608 Thyestem
827 1530 931 1591 Atreo
958 1529 1130 1592 interitum
1156 1536 1325 1607 parantem
1359 1535 1459 1606 atque

290 1635 437 1716 Θυέστην
477 1629 512 1694 ἐν
551 1633 690 1695 Σικυῶνι
731 1643 765 1698 ot
806 1635 952 1715 Θυέστην
988 1627 1144 1715 δεύτερον
1184 1635 1265 1698 duos
1313 1635 1459 1698 eiusdem

288 1741 448 1805 dramatis
472 1741 591 1804 titulos
616 1740 731 1805 fuisse.

396 1848 618 1912 Haereremus
652 1848 776 1929 igitur,
809 1867 904 1926 quam
937 1849 1109 1911 materiem
1141 1848 1293 1912 daremus
1317 1842 1460 1930 Αἰγίσθῳ

288 1954 432 2034 tabulae,
457 1955 522 2017 nisi
553 1955 612 2017 ille
643 1954 737 2018 locus
762 1955 898 2034 Dionia,
924 1973 987 2032 quo
1013 1939 1119 2017 modo
1134 1955 1186 2018 usi
1211 1973 1338 2033 sumus
1363 1954 1461 2018 Atrei

288 2063 428 2125 mortem
452 2059 656 2124 reiciendum
681 2079 754 2124 esse
780 2061 926 2140 doceret,
951 2069 988 2124 ut
1011 2079 1048 2124 re
1072 2079 1154 2125 vera
1171 2060 1460 2139 quodDuentzero

290 2169 418 2246 placuit
443 2175 674 2246 argumentum
699 2167 785 2231 haud
810 2166 1016 2231 abnuendum
1034 2168 1199 2233 videatur.
1237 2168 1360 2231 Tamen
1382 2186 1462 2232 vero

290 2274 393 2338 debili
425 2274 598 2338 admodum
635 2274 847 2338 fundamento
885 2275 1069 2339 innitimur.
1123 2272 1210 2356 Quid
1243 2276 1328 2338 enim
1369 2281 1463 2338 recte

289 2383 481 2446 restituisse
513 2382 683 2445 Musarum
709 2381 843 2445 litteras
881 2382 957 2445 illas
997 2368 1108 2456 optim
1139 2380 1309 2445 testatur?
1356 2381 1464 2444 Docet

291 2489 409 2552 Dionis
435 2489 544 2554 oratio
569 2488 673 2552 fuisse
704 2489 848 2566 aliquam
881 2490 969 2552 inter
1001 2488 1176 2566 Sophoclis
1206 2495 1264 2551 aut
1289 2487 1462 2567 Euripidis

290 2596 430 2676 fabulas,
456 2615 540 2674 quae
565 2596 823 2671 Agamemnonis
847 2602 986 2658 mortem
1012 2593 1218 2673 depingeret.
1264 2593 1327 2659 Sed
1352 2601 1461 2658 utrum

291 2705 372 2768 haec
397 2703 582 2781 Sophoclea
606 2701 765 2780 ‹praedam
790 2703 894 2765 fuerit
918 2721 959 2765 an
992 2701 1193 2781 Euripiden,
1219 2709 1328 2765 utrum
1358 2701 1464 2765 lateat

291 2811 325 2873 in
356 2810 483 2873 littoris
511 2809 582 2873 illis
614 2829 655 2873 an
683 2809 804 2873 titulus
837 2810 1023 2889 interierit,
1048 2809 1223 2873 nescimus.
1281 2809 1462 2872 Caveamus

291 2917 464 2994 igiturne
496 2917 594 2979 nimis
625 2916 827 2980 festinanter
861 2916 902 2980 ad
931 2901 1114 2980 Duentzeri
1144 2915 1344 2979 sententiam
1369 2932 1463 2977 acce·

293 3021 452 3105 damus1).
490 3022 560 3103 Quo
578 3023 625 3102 fit,
644 3031 737 3086 utne
755 3023 838 3087 illud
857 3022 998 3102 quidem,
1018 3021 1104 3100 quod
1121 3023 1284 3086 incertum
1302 3028 1462 3100 maneret,

293 3130 424 3194 etiamsi
449 3123 590 3211 Αἰγίσθῳ
614 3137 707 3193 recte
732 3129 940 3194 emendatum
958 3146 1031 3192 esse
1050 3129 1272 3207 evinceretun
1296 3128 1462 3191 atiirmare

292 3238 467 3317 possimus,
493 3237 624 3302 Livium
650 3237 826 3314 Sophoclis
851 3237 997 3300 fabulam
1022 3235 1239 3313 expressisse.

399 3344 584 3409 Erotianus
619 3345 687 3423 (iil.
726 3345 885 3422 Hippocr.
922 3363 997 3422 prag.
1026 3339 1141 3424 tals)
1179 3343 1464 3423 Clytaemnestrae

294 3451 498 3530 Sophocleae
527 3453 631 3517 verba
668 3452 828 3514 nonnulla
866 3449 1006 3534 alteru).
1068 3449 1131 3514 Sed
1166 3468 1236 3513 cum
1274 3449 1463 3522 antinoon

294 3561 349 3638 sit,
375 3568 484 3624 utrum
515 3562 634 3624 hausta
665 3559 733 3622 sint
765 3576 805 3622 ex
840 3558 1018 3637 Iphigenia
1052 3576 1093 3620 an
1128 3575 1168 3620 ex
1198 3557 1465 3636 Clytaemnestra

295 3666 432 3745 quadam
458 3664 615 3748 faonlap,
644 3683 684 3728 ne
715 3665 795 3729 illuc
828 3665 957 3744 quidem
990 3665 1079 3730 Livii
1104 3662 1311 3738 tragoediam
1336 3663 1465 3726 reterre

404 3842 428 3909 l)
447 3840 536 3894 litium
565 3840 656 3893 Osann
684 3839 824 3908 (Zeitschr.
854 3839 872 3894 f.
901 3839 926 3892 d.
947 3837 1172 3894 Altertumswiss.
1205 3837 1282 3900 1836,
1311 3851 1373 3904 pag.
1402 3835 1466 3900 965)

295 3931 409 3983 maxime
427 3929 535 3983 dubium
556 3943 614 3983 esso
633 3929 705 3994 dicit,
725 3929 794 3995 quod
815 3929 952 3983 Duentzer
971 3927 1021 3982 sibi
1044 3925 1213 3996 persuaserit.
1244 3924 1318 3991 Quae
1338 3941 1467 3979 rouuuen·

295 4019 410 4086 daverit,
430 4034 481 4071 non
501 4017 645 4072 abhorrere
664 4033 680 4070 a
700 4017 897 4086 probabilitate,
917 4033 1005 4084 nequo
1026 4031 1089 4071 voro
1109 4014 1178 4069 satia
1201 4013 1280 4068 certis
1305 4013 1468 4068 testimoniis

296 4107 419 4162 stabiliri.

403 4199 430 4264 2)
449 4199 529 4265 trgm.
543 4200 594 4251 311
615 4197 738 4265 Nauokii,
758 4197 833 4250 cuius
853 4197 940 4252 altera
959 4197 1122 4266 tragicorum
1143 4197 1307 4250 Graecorum
1331 4193 1466 4262 fragmen·

297 4296 384 4348 torum
404 4285 521 4341 editione
542 4287 568 4340 in
588 4286 695 4341 citando
715 4302 779 4341 usus
798 4303 865 4340 sunu

403 4377 431 4457 3)
450 4376 484 4431 of.
505 4376 629 4440 Welcker
641 4377 661 4439 l,
672 4377 690 4432 l.
710 4392 772 4454 pag.
786 4379 830 4442 65,
845 4375 903 4431 108.
