3208 5080
627 377 848 437 -43·-

155 569 332 648 proposuit
355 567 530 632 mutandus
562 577 614 633 est
637 570 738 634 titulo
765 565 821 650 ,a
845 569 990 652 debead,
1015 570 1072 634 sed
1100 567 1156 651 „e'u
1179 551 1325 655 Xorioffl,

155 686 193 742 ut
239 677 309 740 illis
356 676 469 742 verbis
516 675 700 740 Artemidis
746 678 921 758 Tauricae,
969 696 1064 755 quam
1110 677 1248 742 Orestes
1295 686 1329 742 et

154 784 332 862 Iphigenia
357 782 555 863 effugerunt,
580 783 704 848 mentio
729 784 796 848 fiat.
827 783 986 848 Videmus
1010 785 1118 863 igitur
1135 792 1169 848 ct
1185 785 1327 850 Pacuvii

156 899 190 954 et
230 890 405 968 Sophoclis
437 889 587 969 Chrysen
622 890 683 953 illa
718 890 832 955 fabula
868 891 1044 971 contineri,
1081 909 1165 969 quae
1200 892 1328 971 Hygini

156 1015 258 1075 opera
293 1005 428 1061 servata
464 1004 524 1060 est.
573 1000 683 1075 Atque
718 1016 789 1061 cum
821 998 947 1061 nullum
971 1005 1108 1075 praeter
1132 997 1330 1076 Sophoclem

156 1104 319 1168 Graecum
344 1111 514 1167 auctorem
538 1105 740 1186 noverimus,
766 1105 823 1183 qui
847 1106 925 1169 huic
949 1105 1109 1169 materiae
1134 1123 1169 1169 se
1187 1105 1329 1186 dederit,

156 1218 313 1294 quantum
338 1210 491 1274 innubis
517 1217 578 1292 est,
612 1211 813 1275 contendere
838 1212 920 1275 licet
943 1211 1124 1276 Pacuvium
1151 1212 1327 1290 Sophoclis

154 1317 268 1381 fabula
291 1317 356 1381 niti
381 1316 489 1381 videri
504 1318 534 1396 ¹).
1057 1325 1058 1328 ’

261 1441 309 1504 Ne
347 1449 459 1506 tamen
498 1459 656 1520 negemus
699 1441 887 1521 fragmenta
927 1443 1067 1508 v-VH
1106 1447 1328 1522 Anaxagorae

121 1543 399 1626 *philosophiam
434 1549 644 1630 resipientia,
681 1550 709 1612 si
745 1549 840 1612 modo
877 1550 1010 1627 prolata
1045 1558 1122 1640 sunt
1158 1550 1329 1631 aChryse

154 1656 323 1734 Apollinis
348 1654 533 1736 sacerdote,
566 1655 684 1719 idonea
713 1675 796 1737 esse,
830 1657 949 1735 quibus
974 1656 1156 1721 difficultas
1187 1658 1329 1721 oriatur.

153 1763 283 1827 Hausta
319 1770 428 1827 autem
464 1769 541 1826 sunt
577 1765 625 1826 ex'
652 1755 827 1842 Euripidis
860 1764 1050 1844 Chrysippo
1087 1763 1142 1843 (ir.
1179 1765 1257 1840 836)
1294 1771 1331 1828 ut

155 1867 373 1951 Ribbeck'2)
398 1888 463 1932 non
480 1869 688 1934 dubitaverit
705 1871 784 1948 quin
801 1871 932 1934 scribae
950 1888 1124 1952 erroreex
1142 1870 1330 1950 Chrysippo

157 1977 302 2056 Chryses
325 1976 446 2040 titulus
470 1984 569 2040 natus
593 1977 649 2057 sit,
674 1985 711 2040 ut
732 1977 918 2057 Chrysippo
944 1976 1072 2041 cuidam
1097 1996 1162 2042 non
1180 1976 1329 2057 Chrysae

159 2084 372 2147 Pacuvianae
403 2081 592 2160 fragmenta
616 2083 779 2148 V.—VII.
811 2083 1026 2148 attribuenda
1050 2085 1128 2148 sint.
1177 2083 1241 2149 Sed
1271 2102 1330 2147 cur

156 2172 306 2270 Chrysae
329 2190 436 2268 ipsius
460 2191 542 2254 haec
567 2191 671 2256 verba
701 2189 805 2255 fuisse
835 2209 972 2255 necesse
996 2192 1130 2256 sitnon
1155 2191 1329 2269 intellego.

155 2295 318 2375 Equidem
344 2305 461 2361 contra
486 2297 658 2362 Ciceronis
682 2300 786 2362 verba
810 2295 863 2380 (de
889 2298 955 2362 div.
980 2299 1007 2379 I,
1034 2299 1222 2379 57,131):·

299 2411 375 2485 ·„ut
410 2404 469 2467 ille
505 2405 726 2485 Pacuvianus,
750 2406 818 2484 qui
854 2405 888 2468 in
922 2405 1049 2485 Chryse
1085 2406 1244 2486 physicus
1281 2407 1330 2469 in-

316 2510 470 2576 ducitur“

156 2619 204 2682 sic
241 2619 460 2696 interpretari
485 2619 607 2700 malim,
643 2627 768 2684 utnon
794 2620 939 2700 Chryses
964 2621 1047 2702 ipse,
1084 2638 1191 2699 aquo
1216 2619 1330 2683 fabula

154 2726 318 2803 inscripta
357 2733 419 2806 est,
459 2725 517 2790 sed
556 2726 643 2790 alius
679 2726 811 2804 quidam
847 2746 1003 2791 versuum
1041 2727 1176 2791 illorum
1211 2734 1330 2791 auctor

153 2833 267 2897 fuerit.
302 2832 396 2914 Quod
420 2833 450 2896 si
474 2833 716 2915 amplectimur,
742 2835 915 2900 evanescit
940 2836 1078 2912 quaevis
1103 2833 1142 2897 de
1161 2834 1330 2912 Apollinis

116 2961 117 2966 ¹
154 2939 341 3004 sacerdotis
367 2941 479 3006 verbis
505 2941 685 3005 haesitatio
702 2959 809 3019 neque
826 2949 888 3023 est,
914 2960 973 3006 cur
990 2960 1164 3020 personam
1183 2942 1328 3021 aliquam

152 3048 364 3113 Pacuvianae
396 3048 543 3126 Chrysae
584 3048 667 3112 talia
697 3047 922 3113 svociferatam
959 3067 1032 3112 esse
1067 3065 1238 3127 negemus,
1286 3048 1331 3113 Ut

153 3163 264 3218 autem
300 3163 532 3237 cognoscatur,
570 3155 731 3233 quomodo
757 3156 937 3236 Chrysippi
961 3155 1094 3220 fabulae
1123 3155 1329 3233 Euripideae

153 3262 247 3325 locus
266 3273 269 3278 '
291 3262 471 3340 irrepserit
507 3262 540 3324 in
577 3262 727 3342 Chrysen
763 3264 920 3344 fabulam,
965 3263 1113 3327 conicias
1148 3263 1330 3328 Pacuvium

153 3368 361 3453 scenicorum
385 3369 607 3432 Romanorum
640 3368 912 3433 consuetudinem
944 3378 1094 3434 secutum
1128 3369 1255 3448 aliquid
1288 3389 1328 3434 ex

150 3475 325 3552 Euripidis
361 3474 475 3539 fabula
509 3476 704 3557 intexuisse,
741 3475 827 3554 quod
863 3475 903 3540 ad
940 3485 1172 3556 argumentum
1209 3477 1324 3555 ampli-

151 3564 312 3647 ficandum
338 3589 372 3646 et
397 3583 620 3647 exornandum
645 3592 758 3662 aptum
783 3582 957 3648 videretur
966 3588 1001 3662 ³).

262 3833 287 3894 l)
307 3829 449 3903 Consentit
468 3830 498 3883 L.
518 3829 614 3884 llilller
633 3828 685 3897 „ds
702 3827 815 3883 Pacuvii
833 3827 949 3883 fabulis“
969 3845 1032 3898 pag.
1052 3833 1094 3883 70.

258 3921 286 3984 2)
306 3919 323 3972 l.
344 3920 360 3972 l.
384 3934 446 3987 pag.
466 3919 525 3972 256.
754 3957 756 3960 -

258 4009 286 4073 3)
307 4009 335 4063 L.
356 4008 456 4063 ldilllor
484 4009 546 4077 („da
576 4008 686 4063 Pacuvii
714 4007 830 4062 labulis‘·
850 4024 913 4076 pag.
934 4009 979 4076 71)
999 4008 1088 4064 codem
1108 4008 1166 4062 loco
1185 4007 1330 4076 Euripiden

151 4113 229 4152 usum
257 4113 315 4153 esse
345 4102 476 4152 memorat
493 4098 647 4152 Lucretium
668 4099 714 4168 (II,
734 4101 784 4153 991
805 4101 873 4166 sqq.)
903 4113 989 4166 neque
1013 4098 1153 4164 quicquam
1173 4096 1248 4150 aliud
1266 4097 1329 4153 inde

148 4187 326 4243 derivandum
358 4191 438 4255 putat
466 4203 545 4254 quam
573 4187 759 4256 cupidissimos
786 4187 871 4243 fuisso
903 4186 964 4243 indo
993 4186 1026 4240 ab
1055 4186 1135 4241 Ennii
1164 4185 1328 4255 temporibus

149 4278 285 4331 Romanos
303 4277 489 4346 philosophiae
508 4277 636 4332 Graecae.
674 4276 749 4344 Quod
769 4277 887 4331 studium
907 4275 1031 4347 quoniam
1052 4275 1151 4344 alioqui
1171 4274 1328 4344 saepissime

150 4369 329 4440 cognoscitur,
349 4366 443 4422 mirum
463 4383 516 4422 non
535 4370 578 4423 ast
597 4372 721 4423 auctores
740 4367 858 4422 scenicos
877 4369 1013 4424 Romanos
1032 4366 1057 4422 ai
1076 4365 1234 4421 indulsisse.
