3208 5080
617 401 838 470 -33..

254 603 318 669 Sed
364 611 473 667 utrum
523 601 607 666 illud
654 601 693 666 de
732 601 907 680 Euripidis
954 601 1056 665 Inone
1096 619 1137 665 an
1178 600 1240 664 hoc
1280 600 1319 664 de

147 711 322 789 Sophoclis
361 711 563 774 Athamante
613 710 820 787 propositum
867 707 1119 786 praeferendum
1160 709 1220 788 sit,
1260 708 1318 772 alii

145 817 292 884 videant.

561 1134 616 1231 M.
652 1111 896 1232 Pacuvius.

250 1356 287 1420 L.
312 1351 493 1436 Miiller1)
519 1355 609 1418 inter
632 1362 703 1418 tres
728 1353 933 1417 clarissimos
962 1354 1169 1432 tragicorum
1200 1353 1320 1417 Roma-

145 1481 261 1526 norum
297 1469 415 1541 poetas
446 1461 587 1540 primum
620 1461 728 1523 locum
762 1461 923 1540 Ennium,
957 1460 1107 1524 ultimum
1139 1461 1320 1526 Pacuvium

149 1570 335 1633 obtinuisse
376 1567 557 1633 contendit.
606 1567 665 1632 Oui
707 1568 859 1650 opinioni
899 1575 937 1631 nt
976 1567 1143 1630 assentiar
1181 1567 1318 1630 multum

145 1678 250 1740 abest.
298 1677 379 1740 Nam
404 1694 445 1738 ne
470 1675 587 1739 Cicero
614 1674 756 1756 quidem,
783 1676 839 1753 qui
865 1682 1070 1752 quantopere
1095 1674 1238 1738 Ennium
1263 1673 1319 1737 ad·

146 1784 286 1847 miratus
311 1783 366 1863 sit,
392 1783 547 1860 quotiens
571 1781 734 1857 Ennianis
759 1782 913 1846 versibus
948 1781 1076 1858 scripta
1109 1799 1169 1844 sna
1201 1780 1318 1845 distin-

145 1891 246 1969 xerit,
272 1890 346 1967 quis
372 1897 423 1953 est
448 1889 504 1966 qni
529 1887 708 1969 ignorem),
726 1888 880 1970 Ennium,
905 1887 963 1952 sed
980 1889 1161 1952 Pacuvium
1179 1889 1319 1965 primum

146 1997 354 2075 tragicorum
379 1995 483 2059 fuisse
508 1994 635 2059 fatetur
660 1992 716 2077 (cf.
742 1995 781 2058 de
806 2004 873 2073 opt.
898 2014 972 2074 gen.
999 2013 1046 2058 or.
1073 1996 1160 2070 l‚2):

251 2105 374 2167 Verum
399 2112 508 2167 tamen
533 2121 655 2169 vereor
679 2121 719 2166 ne
744 2103 846 2166 nimia
870 2103 916 2166 sit
940 2103 1021 2165 haec
1055 2103 1128 2165 laus
1164 2102 1320 2179 Pacuvii3

146 2229 253 2289 neque
289 2211 375 2274 enim
412 2210 528 2274 deesse
564 2212 598 2274 in
636 2211 708 2274 eins
745 2229 914 2289 sermone,
952 2228 1035 2287 qnae
1073 2210 1320 2289 vituperentur,

146 2318 333 2383 decentet
363 2318 553 2396 fragmenta
586 2318 719 2394 saepius
753 2318 907 2381 ubertate
940 2314 1161 2380 redundantia
1192 2316 1321 2392 etipse

146 2424 276 2506 Cicero,
301 2425 357 2503 qni
384 2425 431 2490 (in
455 2426 551 2489 Brut.
578 2425 721 2505 adreel
746 2425 900 2500 scripsit:

251 2531 455 2613 „Caecilium
481 2539 515 2595 et
539 2531 721 2595 Pacuvium
746 2530 830 2594 male
855 2531 986 2594 locutos
1010 2529 1192 2594 videmus.“

145 2639 249 2702 Accio
275 2645 402 2719 contra,
427 2639 483 2716 qui
508 2638 580 2715 ipse
614 2655 745 2715 qnoque
776 2636 930 2701 laudibus
962 2637 1176 2714 amplissimis
1211 2655 1322 2700 cumu-

147 2746 286 2824 latnrl),
311 2745 396 2808 nihil
422 2744 584 2808 eiusmodi
610 2745 790 2821 opprobrio
815 2745 972 2809 vertitur.

237 2852 355 2930 Itaque
382 2869 454 2915 meo
482 2851 613 2929 quidem
631 2851 757 2915 indicio
774 2869 918 2915 summus
939 2847 1106 2915 Romanae
1124 2852 1321 2930 tragoediae

144 2966 262 3022 auctor
287 2960 411 3023 Accius
436 2958 512 3039 fnit,
538 2956 623 3036 qnod
656 2959 756 3022 etiam
788 2958 840 3020 his
864 2957 1086 3022 Romanorum
1118 2959 1321 3035 scriptorum

145 3066 350 3130 testimoniis
376 3064 513 3129 concedi
537 3065 714 3129 existimo:

251 3173 331 3237 Hor.
358 3174 455 3250 epist.
480 3171 525 3253 tt,
542 3177 570 3254 1,
586 3178 645 3235 55:

253 3281 459 3362 „ambigitur
484 3281 638 3357 quotiens
663 3287 739 3343 uter
763 3287 839 3343 utro
864 3280 911 3342 sit
934 3280 1038 3359 prior,
1064 3277 1175 3342 aufert

251 3388 417 3454 Pacuvius
443 3387 533 3452 docti
557 3385 676 3450 famam
701 3387 802 3465 senis,
827 3387 951 3449 Accius
976 3383 1070 3449 alti.“

252 3494 365 3575 Quint.
389 3497 432 3577 Χ,
450 3501 477 3577 1,
492 3501 551 3560 97;

258 3601 486 3680 „Tragoediae
511 3604 695 3680 scriptores
720 3608 871 3666 veterum
885 3601 1009 3664 Accius
1034 3608 1133 3678 atque
1155 3601 1322 3664 Pacuvius

148 3708 329 3772 clarissimi
365 3709 538 3787 gravitate
574 3710 835 3787 sententiarum,
860 3709 1038 3772 verborum
1063 3707 1220 3786 pondere,
1246 3726 1322 3770 auc-

148 3814 291 3878 toritate
315 3833 544 3892 personarum.
582 3814 733 3879 Ceterum
758 3815 852 3877 nitor
876 3822 910 3877 et
935 3831 1059 3876 summa
1076 3813 1110 3876 in
1132 3813 1323 3877 excolendis

272 3959 356 3966 --—.

256 4044 281 4112 l)
301 4042 350 4110 ‚,Q.
382 4042 486 4096 Ennius
518 4042 603 4106 „Eine
635 4040 794 4109 Einleitung
828 4043 857 4094 in
889 4040 937 4094 das
955 4039 1079 4094 Studium
1104 4039 1152 4095 dor
1173 4039 1323 4095 rdmischen

143 4132 293 4188 Poesi'e'.““
330 4132 439 4200 Petrop.
461 4133 538 4198 teet,
557 4146 619 4199 pag.
638 4132 681 4184 94,

252 4224 281 4286 2)
301 4221 336 4276 cl.
356 4221 470 4288 exempli
490 4220 598 4288 gratim
617 4220 650 4274 de
668 4235 705 4274 or.
725 4219 747 4288 1,
758 4219 803 4285 44,
816 4220 885 4286 1983
904 4220 985 4274 Tuae.
1005 4219 1056 4286 ΙΙΙ,
1069 4221 1172 4285 19,45;
1199 4220 1231 4274 de
1249 4236 1323 4290 prov.

145 4325 219 4370 cous.
238 4313 316 4377 att.

252 4401 280 4466 3)
301 4400 334 4454 cf.
354 4399 408 4454 Oia.
427 4413 476 4468 pro
495 4397 588 4453 Plano.
608 4398 711 4465 24,59;
730 4413 778 4466 pro
797 4397 867 4452 Sest.
886 4398 931 4466 od,
948 4399 1007 4453 120.
