3208 5080
621 416 839 476 ..29-

152 609 268 671 Aiacis
285 608 388 672 fatum
407 606 660 671 celeberrimum
678 609 713 671 in
736 605 933 684 tragoediae
957 606 1095 669 formam
1121 603 1325 683 redegerunt

151 711 207 794 (cf.
234 733 308 794 uas·
335 711 379 796 9)-
797 731 799 736 ·

255 821 320 885 illa
353 827 463 884 autem
500 821 646 898 suspicio
690 840 709 885 a
750 815 1019 902 Ribbecki01)
1062 819 1216 898 prolata,
1260 837 1324 896 qua.

149 927 349 1008 Quintiliani
374 927 446 1008 (IV,
460 934 490 1007 2,
506 926 560 1009 13)
585 928 705 992 verba:

312 1041 369 1115 „ut
394 1035 427 1097 iu
451 1033 650 1115 tragoediis,
677 1053 748 1098 cum
774 1035 903 1098 Teucer
929 1034 1051 1099 Ulixen
1074 1050 1167 1096 reum

222 1199 224 1202 .
306 1141 391 1206 facit
415 1142 531 1205 Aiacis
556 1139 681 1205 occisi“
707 1159 734 1204 e.
761 1160 791 1219 q.
817 1138 871 1223 sd)

148 1250 189 1314 ad
214 1250 315 1313 Ennii
342 1250 474 1313 Aiacem
508 1249 663 1329 rettulit,
695 1268 771 1312 uum
804 1248 883 1326 quid
916 1248 1037 1311 habeat
1060 1246 1323 1325 probabilitatis,

149 1357 335 1421 diiudicare
360 1374 425 1419 uon
450 1358 566 1420 ausim.

661 1548 807 1616 Telamo.

255 1678 318 1741 Hic
350 1678 471 1742 titulus
501 1696 695 1755 quamquam
722 1679 811 1741 inter
835 1677 1038 1741 Graecarum
1073 1678 1324 1757 tragoediarum

149 1786 283 1849 nomina
314 1785 410 1848 nobis
434 1793 514 1849 nota
537 1803 697 1862 nusquam
723 1785 869 1864 legitur,
893 1792 1004 1848 tamen
1029 1793 1260 1864 argumentum
1293 1785 1324 1847 ei

147 1891 249 1956 titulo
284 1892 484 1955 conveniens
510 1911 580 1954 cum
607 1910 626 1954 a
651 1892 877 1970 compluribus
902 1892 979 1956 aliis
1003 1898 1072 1955 tum
1105 1912 1125 1956 a
1157 1892 1324 1969 Sophocle

147 2006 329 2063 tractatum
362 2007 423 2062 est.
481 1999 625 2076 Scripsit
665 1999 751 2062 enim
784 1999 840 2063 hic
871 2001 1052 2080 Teucrum,
1088 1997 1127 2062 de
1160 2017 1224 2077 quo
1257 1999 1325 2062 tria

149 2107 340 2186 fragmenta
364 2106 535 2170 novimus:

258 2212 298 2276 fr.
325 2217 408 2276 519:
434 2220 531 2290 pater
556 2212 595 2275 de
620 2214 736 2277 Aiacis
760 2220 868 2277 morte
893 2214 1068 2292 queritur3

252 2320 293 2383 fr.
320 2325 401 2386 520:
426 2327 608 2397 tempestas
649 2317 871 2401 describitur,
920 2339 984 2400 qua
1022 2322 1151 2384 Teucer
1190 2317 1324 2383 rediens

351 2436 352 2439 ’
1156 2434 1320 2504 vexatur3

250 2533 292 2597 i'r.
320 2539 401 2597 521:
426 2537 582 2614 Κυχρεῐος
606 2528 713 2610 πάγος
737 2535 938 2599 Salaminius
963 2542 1248 2599 commemoratur.

249 2641 450 2705 accuratius
493 2659 574 2705 vero
610 2643 781 2722 praesagii
822 2643 892 2707 ritu
938 2644 1100 2707 Teucrum
1137 2641 1244 2719 ipsum
1282 2639 1322 2704 de

143 2747 256 2812 reditu
281 2767 340 2812 suo
365 2749 469 2812 verba
492 2747 671 2812 facientem
696 2749 825 2814 inducit
850 2751 1032 2828 Sophocles
1057 2751 1091 2813 in
1115 2750 1218 2813 Aiace
1253 2748 1319 2825 (vv.

143 2853 389 2933 1008---1020).
423 2853 517 2934 Quod
530 2855 727 2919 vaticinium
741 2857 774 2919 in
788 2858 916 2921 Teucro
930 2858 1113 2934 porrectum
1129 2855 1318 2919 occurrisse

142 2962 354 3026 manifestum
379 2969 441 3026 est.
1402 3045 1404 3048 Ι

246 3070 413 3132 Habemus
431 3070 539 3148 igitur
556 3071 727 3147 complura
748 3071 884 3153 iudicia,
910 3072 1030 3150 quibus
1055 3071 1095 3135 de
1120 3076 1317 3150 argumento

144 3177 266 3242 Teucri
300 3175 478 3254 Sophoclei
520 3179 684 3242 certiores
722 3179 825 3244 fimus.
882 3180 1004 3244 Teucri
1045 3186 1155 3243 autem
1190 3176 1320 3241 reditus

141 3284 241 3348 etiam
274 3283 445 3346 Telamoni
484 3285 636 3348 Enniano
677 3286 851 3364 sonoram).
908 3287 1023 3365 Neque
1064 3294 1174 3350 tamen
1215 3283 1326 3348 evinci

139 3398 253 3470 potest
290 3390 434 3454 Ennium
469 3391 674 3469 Sophocleae
715 3393 848 3456 fabulae
888 3411 924 3456 se
958 3393 1173 3470 applicuisse.
1234 3391 1325 3471 Quin

142 3499 244 3562 etiam
262 3505 339 3561 sunt
356 3517 440 3576 quae
458 3499 520 3563 boc
536 3498 720 3578 negandum
740 3501 956 3578 comprobare
974 3499 1162 3564 videantur.
1197 3499 1326 3562 Obstat

139 3606 263 3670 titulus
288 3612 436 3669 mutatus
466 3642 505 3650 —-
536 3605 570 3669 id
604 3613 712 3671 autem
747 3607 979 3672 difficultatem
1004 3625 1069 3670 non
1093 3607 1142 3670 ita
1166 3623 1318 3683 magnam

136 3713 294 3792 Praebet,
326 3731 398 3776 cum
432 3714 541 3790 patris
577 3715 693 3793 gravis
728 3722 762 3778 et
793 3715 905 3779 severi
930 3715 1006 3792 plus
1030 3714 1173 3777 rationis
1199 3712 1323 3776 babere

137 3804 154 3850 θ
173 3819 322 3883 moribus
340 3819 563 3884 Romanorum
581 3821 696 3902 luerit,
721 3830 758 3886 ut
775 3822 951 3900 permultis
969 3820 1131 3898 exemplis
1149 3818 1320 3882 docemur.

180 3962 351 3970 --.ως-,η

252 4028 278 4095 1)
297 4027 316 4081 1.
335 4028 352 4082 l.
372 4043 435 4096 pag.
455 4030 515 4086 375.

247 4119 275 4182 2)
295 4116 328 4172 ol.
349 4116 431 4171 etiam
455 4119 534 4174 Corn.
564 4119 597 4174 ad
627 4120 747 4177 Harenn.
767 4122 1009 4190 1.11,18;17,27;
1029 4121 1073 4186 ΙΙ,
1093 4121 1134 4186 19,
1151 4119 1195 4188 28;
1215 4120 1267 4174 Cic.
1289 4118 1321 4174 de

143 4208 247 4262 invent.
266 4207 323 4274 I,8,
337 4207 486 4274 11350‚ea

238 4297 267 4360 3)
287 4295 321 4350 cl.
344 4295 447 4350 Vableu
468 4338 483 4364 „
503 4285 578 4353 libor
596 4300 687 4369 ainigo
706 4301 895 4357 Brncbstilclro
916 4301 964 4358 das
990 4302 1113 4356 nonius‘
1135 4299 1338 4369 Sitzungsber··

132 4385 162 4446 (1.
183 4384 258 4446 Barl.
280 4385 367 4444 acad.
387 4385 412 4444 (l.
433 4385 516 4442 Wiss.
538 4389 615 4456 1888,
635 4405 697 4463 pag.
718 4393 762 4448 33.
