3208 5080
771 465 811 474 „.
859 430 902 490 54

293 628 393 698 atque
418 613 500 698 perd
526 623 629 682 11111
652 623 673 686 1.
692 641 720 687 e.
746 631 821 702 post
846 637 958 683 cenam
983 619 1113 683 foedam
1137 628 1171 684 et
1187 621 1335 700 Thyeste
1360 622 1469 685 occiso

293 727 469 805 Sophoclis
493 730 700 808 tragoediam
727 730 821 794 finem
848 729 968 792 iecisse
993 726 1162 791 affirmem.
1210 727 1279 792 Iam
1306 727 1470 805 quidhoc
1577 765 1578 780 .

294 832 334 898 ad
381 833 526 898 fabulam
567 837 744 900 Accianum
791 835 959 915 pertineat
996 832 1177 898 videamus.
1247 835 1469 912 Ribbeck1)

295 939 451 1019 opinatus
475 948 527 1004 est
551 941 772 1020 fragmentum
799 941 932 1005 XVIII:

526 1048 662 1126 „ecquis
687 1050 749 1113 hoc
774 1047 1044 1114 animadvortet?
1076 1046 1240 1113 vincite!“

293 1155 397 1218 Atreo
459 1155 706 1219 attribuendum
757 1174 846 1236 esse,
912 1155 968 1233 qui
1019 1153 1197 1233 Thyestem
1249 1154 1283 1216 in
1337 1154 1471 1218 vincula

296 1260 405 1324 conici
441 1261 493 1326 his
528 1263 642 1326 verbis
673 1263 814 1326 inheret.
863 1263 976 1340 Neque
1001 1262 1106 1325 haheo
1133 1278 1191 1323 cur
1215 1279 1280 1323 uon
1305 1262 1472 1325 assentiar

295 1368 369 1433 viro
395 1366 600 1432 doctissimo.
648 1369 721 1432 Non
753 1370 860 1448 igitur
884 1369 1062 1448 Thyestem
1096 1368 1217 1432 iterum
1242 1367 1411 1446 expellere
1438 1367 1471 1430 in
1579 1409 1580 1418 .

293 1474 403 1538 animo
440 1475 540 1539 habat
566 1477 688 1540 Atreus
724 1476 901 1556 Accianus,
938 1473 995 1538 sad
1024 1474 1171 1539 vinctum
1196 1473 1354 1538 retinere.
1404 1474 1471 1538 Cur

294 1588 405 1646 autem
438 1583 501 1646 hoo
525 1581 638 1663 iaciat,
672 1583 738 1646 nisi
762 1590 799 1646 ut
823 1589 930 1646 morte
954 1581 1073 1646 fratris
1098 1580 1239 1645 insidias
1263 1581 1337 1645 eius
1362 1582 1471 1645 extin-

294 1688 402 1768 guat?
448 1689 568 1767 Itaque
605 1689 742 1754 eundem
779 1688 912 1753 fabulae
948 1689 1043 1752 finem
1079 1688 1192 1767 posuit
1216 1689 1339 1752 Accius
1370 1695 1472 1766 atque

296 1796 487 1875 Sophocles.
536 1799 645 1874 Atque
672 1816 744 1860 cum
761 1797 956 1874 ceteroquin
973 1795 1033 1859 illo
1050 1802 1188 1859 auctore
1205 1813 1241 1859 se
1258 1795 1472 1876 abstmucrit
1580 1829 1581 1832 π

296 1903 541 1968 contaminasse
565 1903 700 1968 videtur
725 1912 759 1968 et
783 1903 885 1984 illam,
911 1922 1006 1981 quam
1029 1902 1094 1966 sibi
1111 1903 1261 1981 exemplo
1280 1904 1472 1984 assumpsit,

296 2008 507 2089 tragoediam
549 2013 711 2074 Graecam
760 2018 794 2074 et
839 2011 935 2074 finem
982 2011 1080 2074 huius
1120 2009 1336 2091 Sophocleae
1384 2010 1472 2088 quod

295 2117 441 2181 adulteri
467 2124 500 2182 et
525 2117 712 2197 parricidae
738 2133 874 2196 poenam
900 2125 1006 2182 morte
1031 2117 1149 2197 augeri
1174 2116 1329 2205 deceret.-

792 2510 976 2597 Pelopidae.

402 2676 568 2756 Exiguae,
605 2694 690 2754 quae
726 2684 814 2758 sunt,
850 2676 1015 2755 reliquiae
1052 2677 1116 2739 etsi
1146 2677 1289 2755 probare
1314 2674 1474 2740 videntur
1583 2747 1584 2770 .

296 2791 526 2862 argumentum
551 2783 656 2848 fuisse
681 2785 860 2864 Thyestem
885 2793 919 2848 et
936 2783 1135 2863 Aegisthum
1160 2798 1283 2861 poenas
1307 2783 1347 2845 ab
1366 2782 1472 2844 Atreo

297 2891 471 2968 exigentes
497 2886 552 2972 (af.
578 2891 619 2954 l'r.
648 2891 702 2972 VI,
728 2891 784 2955 ubi
822 2891 861 2954 de
898 2890 1051 2968 coniugis
1087 2897 1194 2955 morte
1230 2889 1333 2955 verba
1368 2888 1472 2965 fiuut;

298 2997 337 3062 de
376 3000 491 3078 mytho
532 2998 733 3078 Inspiciatur
772 2999 872 3063 etiam
911 2999 1040 3078 Hygini
1078 2997 1144 3061 tab.
1175 2995 1242 3080 88),
1282 3005 1392 3060 tamen
1432 2993 1474 3057 de

298 3105 428 3170 Graeca
451 3105 565 3170 fabula
589 3105 740 3170 adhibita
764 3106 848 3169 nihil
874 3107 1005 3169 scimus.
1063 3105 1144 3195 Nam
1168 3104 1304 3168 luerunt
1329 3101 1474 3182 quidem,

298 3214 354 3292 qui
378 3214 463 3277 hanc
487 3214 543 3278 vel
567 3214 658 3277 illam
685 3213 846 3277 Graecam
871 3213 1078 3291 tragoediam
1104 3211 1226 3277 fontem
1252 3211 1474 3292 appellarent,

296 3321 391 3386 velut
429 3317 654 3402 Ladewig2)
694 3328 727 3384 et
767 3318 986 3402 Hareungp
1034 3320 1208 3399 Euripidis
1255 3319 1474 3398 Plisthenem,

297 3429 333 3491 L.
351 3428 534 3511 Miiller·⁴)
559 3430 704 3508 aliquem
725 3429 899 3508 Euripidis
925 3433 1136 3492 sectatorem.
1185 3426 1249 3492 Sed
1274 3421 1345 3490 cum
1371 3442 1475 3506 supra

298 3532 353 3616 (cf.
378 3551 452 3614 pag.
482 3537 535 3618 ll)
561 3537 812 3614 exposuerimus
843 3537 905 3599 hoc
930 3543 1159 3615 argumentum
1185 3543 1220 3599 et
1244 3535 1284 3598 ab
1308 3534 1473 3614 Euripide

298 3651 332 3707 et
356 3661 375 3706 a
397 3643 560 3721 Sophocle
585 3644 767 3708 abhorrere
791 3661 897 3722 neque
923 3644 1097 3722 quicquam
1123 3642 1162 3705 de
1189 3643 1312 3706 ceteris
1330 3643 1473 3706 Graecis

298 3751 491 3814 auctoribus
533 3751 700 3815 affirmare
740 3752 913 3833 posumus,
957 3750 1177 3816 confitendum
1219 3757 1271 3814 est
1307 3749 1473 3814 Graecum

297 3857 531 3936 Pelopidarum
557 3860 741 3937 exemplum
765 3861 862 3922 uobis
887 3859 1036 3937 ignotum
1062 3876 1145 3921 esse.

408 4161 432 4228 i)
452 4160 468 4213 l.
488 4160 496 4213 l
527 4175 587 4228 pag.
606 4160 659 4214 dat
678 4174 734 4226 sqq.

406 4252 433 4314 l)
453 4249 470 4302 l.
490 4249 507 4304 l.
527 4265 590 4318 pag.
609 4251 652 4304 38.

407 4340 435 4406 2)
455 4339 535 4406 „Eun
554 4339 639 4394 rest.“
658 4339 680 4407 1,
700 4354 762 4408 pag.
782 4339 844 4394 ala.

405 4429 432 4494 3)
451 4428 501 4494 „de
520 4427 594 4482 Accii
613 4427 730 4483 fabulis“
751 4443 812 4500 pag.
832 4429 875 4484 52.
