3208 5080
796 414 1014 473 .-58-

312 606 456 684 prolatis
482 603 616 688 (Troad.
644 611 705 670 179
731 607 826 684 squ).
875 605 969 686 Quod
994 622 1074 670 vero
1099 605 1318 682 Ribbeck¹y
1343 605 1490 670 Troades

314 732 386 777 cum
412 715 618 792 Astyanacte
635 713 669 776 in
688 731 785 776 unam
802 711 947 776 fabulam
966 712 1148 793 contrahit,
1166 721 1204 777 ut
1221 721 1255 777 ct
1272 714 1491 794 Astyanactis

315 827 349 884 ot
372 820 564 900 Polyxenae
589 827 728 884 mortem
756 820 947 897 complexae
980 819 1058 900 sint,
1092 837 1147 884 sas
1172 819 1313 883 infirmis
1337 821 1490 884 nititurm

313 927 530 1006 argumentis.
580 927 666 1008 Quin
690 926 859 991 refutatur
884 928 967 990 baec
991 927 1160 990 sententia
1185 943 1223 989 eo
1249 926 1337 1004 quod
1353 927 1491 1006 Nonius,

314 1033 370 1112 qui
416 1033 525 1096 omnia
570 1034 788 1113 Astyanactis
835 1032 1025 1110 fragmenta
1071 1032 1192 1113 tradit,
1240 1034 1312 1110 ipse
1362 1051 1491 1112 quoque

312 1140 494 1219 fragmenti
518 1140 616 1217 primi
644 1139 808 1203 Troadum
834 1158 853 1203 a
878 1140 995 1204 Servio
1021 1141 1148 1204 servati
1171 1141 1274 1204 verba

690 1265 790 1328 „saxo
814 1245 931 1326 fruges
956 1246 1110 1310 frendas“

314 1369 331 1414 o
375 1353 562 1418 Troadibus
607 1353 715 1420 affert.
774 1353 868 1434 Quod
905 1373 975 1417 cum
1013 1355 1121 1418 virum
1161 1352 1389 1418 doctissimum
1427 1373 1492 1417 non

313 1459 469 1541 effugiat,
512 1460 625 1524 eodem
668 1460 761 1525 fonte
798 1468 832 1525 et
866 1460 1018 1525 Servium
1055 1466 1089 1524 et
1124 1461 1264 1524 Nonium
1301 1479 1380 1524 usos
1416 1479 1490 1524 esse

318 1565 498 1631 contendit.
548 1567 611 1632 Sed
636 1585 676 1631 ne
701 1567 756 1630 lric
781 1566 911 1646 quidem
937 1586 956 1631 a
980 1585 1030 1630 me
1056 1569 1208 1647 impetro,
1244 1575 1280 1631 ut
1306 1568 1492 1646 ambiguam

315 1675 538 1751 suspicionem
556 1675 623 1738 alia
640 1675 795 1751 ambigua
812 1675 1003 1752 suspicione
1020 1674 1166 1756 luticiam,
1191 1676 1390 1752 praesertim
1418 1695 1490 1739 cum

320 1781 407 1845 viam
449 1783 556 1845 minus
593 1783 754 1846 incertam
790 1781 923 1860 ingredi
959 1782 1072 1847 liceat.
1130 1783 1347 1846 Retiueamus
1385 1783 1493 1861 igitur

323 1888 515 1967 Polyxenus
540 1897 679 1953 mortem
704 1888 868 1952 Troadum
894 1897 1125 1968 argumentum
1149 1887 1264 1952 fuisse.

424 1994 517 2059 Unde
544 2003 653 2059 autem
672 1994 831 2058 fluxerint
848 2003 882 2059 et
898 1994 1046 2059 Troades
1063 2003 1098 2059 et
1114 1995 1250 2060 Hecuba
1268 2003 1303 2060 et
1319 1997 1493 2075 Astyanax

317 2101 381 2164 iam
418 2102 634 2180 inquiramus.
681 2104 734 2165 An
765 2119 805 2165 ex
838 2101 1013 2178 Euripidis
1045 2101 1231 2166 Troadibus
1264 2110 1298 2167 et
1330 2101 1493 2167 Hecuba?

316 2209 364 2272 Ne
408 2209 471 2272 hoc
523 2209 714 2290 laudemus,
761 2217 872 2273 monet
916 2227 987 2272 cum
1032 2217 1220 2274 ceterorum
1267 2210 1490 2274 Romanorum

317 2316 524 2380 scenicorum
565 2324 738 2394 poetarum
785 2315 990 2380 consuetudo
1033 2325 1102 2380 tum
1139 2316 1245 2380 Accii.
1304 2317 1492 2395 Praecipua

316 2423 402 2487 enim
433 2441 547 2487 corum
573 2442 652 2487 cura
677 2431 761 2503 erat,
786 2442 827 2487 ne
852 2424 951 2487 nimis
976 2424 1063 2487 exile
1089 2432 1320 2502 argumentum
1354 2423 1492 2487 audien·

315 2531 407 2595 tibus
438 2538 683 2608 proponerent,
717 2532 772 2608 qui
797 2531 957 2596 varietati
983 2538 1017 2594 et
1042 2531 1157 2608 copiae
1182 2549 1293 2594 rerum
1319 2539 1490 2609 gestarum

316 2637 532 2701 vehomenter
548 2637 707 2702 favebant
731 2636 788 2718 (cf.
814 2656 889 2716 pag.
915 2635 982 2721 40).
1030 2638 1152 2701 Mirum
1179 2629 1297 2717 igitur,
1322 2637 1351 2701 si
1368 2638 1493 2701 Accius

317 2742 397 2806 duas
430 2743 561 2808 fabulas
595 2752 660 2808 tam
695 2752 791 2822 aptas
824 2745 985 2809 materiae
1010 2744 1224 2824 abnndantia,
1257 2762 1346 2836 quae·
1366 2744 1492 2807 Romae

319 2849 535 2931 docerentur,
572 2850 789 2933 dissecasset,
834 2861 871 2916 ut
908 2853 941 2915 in
966 2853 1068 2915 trium
1092 2851 1344 2931 tragoediarum
1369 2851 1493 2914 formas

317 2956 500 3036 redigeret.
538 2957 663 3039 Quodsi
678 2959 762 3023 talia
778 2959 965 3023 fabularum
984 2959 1117 3022 illarum
1136 2966 1333 3037 argumenta
1350 2958 1492 3021 luerunt

317 3065 430 3144 qualia
453 3067 550 3129 nobis
567 3067 804 3147 persuasimus,
829 3067 941 3130 i'acere
959 3085 1023 3129 non
1040 3084 1224 3146 possumus,
1250 3067 1329 3144 quin
1354 3064 1494 3129 Accium

316 3192 382 3237 non
405 3172 559 3251 Euripidi
586 3192 621 3237 se
647 3174 867 3254 applicuisse,
892 3173 949 3237 sed
974 3173 1107 3237 aliunde
1134 3173 1337 3251 exemplaria
1362 3172 1494 3236 Graeca

318 3279 563 3358 deprompsisse
595 3279 777 3344 credamus.
826 3280 919 3362 Quod
954 3300 1026 3345 cum
1051 3296 1189 3360 prorsus
1214 3281 1429 3345 confirmetur
1454 3278 1493 3342 de

318 3390 534 3467 Astyanacte,
571 3389 672 3452 etiam
708 3387 749 3452 ad
785 3395 916 3454 ceteras
952 3389 1082 3452 fabulas
1119 3387 1266 3451 eiusdem
1303 3387 1493 3464 argumenti

317 3494 501 3572 participes
530 3495 700 3572 pertinere
735 3495 879 3560 videtur.
935 3494 1117 3573 Euripides
1155 3496 1240 3558 enim
1275 3494 1494 3574 Astyanactis

317 3609 457 3665 mortem
487 3603 676 3679 exprimens
708 3604 933 3686 compluribus
963 3603 1064 3666 rebus
1096 3604 1136 3666 ab
1173 3601 1269 3666 *Accii
1294 3601 1493 3678 fragmentis

319 3707 481 3773 discedit:

422 3815 464 3879 I.:
502 3817 626 3881 Accius
660 3817 873 3882 Calchantem
910 3818 1043 3881 fabulae
1075 3817 1274 3896 participem
1304 3815 1417 3892 fingit:
1452 3815 1493 3878 cl.

318 3921 359 3989 fr.
400 3922 470 4004 IV,
511 3942 574 4002 quo
607 3925 804 3989 vaticinium
844 3923 955 3989 datum
996 3942 1068 3988 esse
1110 3923 1282 4003 docemur,
1324 3922 1377 3985 cui
1419 3922 1493 3999 quis

318 4030 534 4094 vehementer
586 4031 731 4095 obsistit.
797 4032 868 4095 Hoc
906 4032 1085 4097 vaticinio
1108 4030 1186 4108 quid
1217 4031 1414 4108 imperatum
1449 4029 1494 4093 sit

320 4155 522 4216 cognoscere
554 4139 636 4202 licet
667 4158 707 4203 ex
739 4140 856 4204 Servio
887 4138 1003 4220 (Verg.
1029 4141 1111 4202 Aen.
1137 4138 1200 4218 III,
1225 4134 1321 4218 489);
1353 4135 1493 4200 Calchas

430 4404 454 4471 1)
473 4402 491 4457 l.
510 4402 529 4456 1.
548 4418 611 4470 pag.
629 4404 691 4456 416.
