3208 5080
783 425 996 497 ‚5p..

470 619 508 702 „d
533 618 765 712 δ’ὑψικόμπως
788 620 960 710 κᾶφρόνως
982 619 1183 709 1111111111οῆ

308 734 537 799 Probabiliter
561 735 778 812 coniungitur
801 735 901 800 etiem

374 840 415 905 fr.
443 840 525 905 VII:
553 841 680 920 „maior
704 841 771 905 erit
795 840 906 905 luctus
931 859 1003 904 cum
1029 857 1079 903 me
1105 837 1292 903 damnatum
1317 837 1451 903 audiet“

309 967 380 1013 cum
408 949 522 1014 Aiacis
547 948 720 1014 versibus:

355 1062 417 1120 762
435 1075 523 1134 sqq.:
552 1053 627 1134 „aral
650 1059 748 1116 ποῖον
771 1048 864 1133 ὄμμα
889 1053 991 1136 πατρὶ
1014 1048 1143 1138 δηλώσω
1160 1053 1274 1134 φανεὶς

550 1160 738 1241 Tolumnium
763 1163 832 1230 πῶς
867 1179 909 1241 με
944 1155 1095 1222 circumc
1129 1151 1206 1222 ποτ’
1240 1154 1372 1229 εἰςιδεῐν

549 1261 672 1349 γυμνὸν
707 1271 854 1349 φανέντα
877 1271 941 1330 τῶν
963 1259 1135 1351 α’ριοτείων
1158 1263 1256 1349 ἄτεριι
1285 1278 1350 1333 111.

310 1374 517 1454 ,,1)1111111“
559 1376 687 1439 Nonius
734 1375 962 1453 interpretans
1010 1375 1201 1454 significare
1247 1375 1321 1440 vult
1363 1375 1487 1454 ,morti
1579 1421 1580 1480 ,

309 1481 421 1547 dere“.
470 1481 534 1546 Sed
558 1482 632 1546 iure
658 1481 697 1546 G.
722 1481 752 1545 H
760 1481 958 1562 ermann1)
989 1482 1051 1545 hoc
1075 1481 1251 1562 refutavit,
1281 1499 1353 1544 cum
1379 1481 1486 1544 multo

306 1590 435 1654 rectius
485 1587 713 1668 „demnatum‘
762 1588 803 1652 ad
851 1590 988 1654 Aiacem
1035 1608 1054 1652 o
1101 1588 1267 1653 iudicibus
1314 1589 1487 1666 repulsum

307 1695 487 1764 referatur.

385 1804 428 1868 fr.
453 1805 504 1868 X:
531 1804 679 1882 „virtute
704 1805 751 1867 sis
775 1823 846 1886 par,
872 1803 986 1882 dispar
1010 1803 1155 1868 fortunis
1179 1801 1307 1881 petris“

308 1930 348 1975 en
373 1911 603 1975 celeberrimis
629 1911 699 1974 illis
724 1912 879 1976 versibus
905 1915 968 1974 530
988 1930 1053 1989 sq.:

470 2001 514 2096 „ol
539 2021 607 2078 παῖ
628 2020 735 2095 γένοιο
760 2011 887 2098 πατρὸς
911 2010 1136 2098 εὐτυχέστερος

468 2118 507 2186 cd
534 2116 638 2186 o’dtl'
662 2117 773 2204 ὅμοιος
796 2125 851 2186 καὶ
875 2119 974 2203 γένοι’
998 2113 1040 2186 ἄν
1064 2115 1103 2185 ori
1126 2119 1246 2193 κακός“

308 2241 422 2297 netum
447 2250 521 2296 esse
546 2231 620 2296 luce
646 2232 771 2297 clarius
796 2239 857 2297 est.

411 2339 481 2404 lem
506 2339 536 2401 si
560 2338 814 2421 revolverimus,
840 2358 923 2418 quae
953 2339 992 2403 de
1016 2340 1205 2416 posteriore
1230 2339 1328 2402 huius
1352 2337 1490 2402 fabulae

308 2455 404 2525 porte
441 2446 669 2526 cognovimus
706 2447 937 2528 assentiemur,
975 2447 1004 2510 si
1041 2447 1115 2525 quis
1145 2445 1282 2510 Accium
1309 2445 1489 2523 Sophoclis
1580 2429 1581 2436 ἵ

307 2555 443 2618 Aiacem
467 2554 613 2618 vertisse
639 2552 855 2635 contendet2).
896 2554 945 2618 De
970 2555 1084 2632 priore
1108 2561 1219 2618 cutem
1236 2560 1332 2632 parte
1349 2554 1378 2616 si
1396 2552 1487 2617 idem
1581 2550 1582 2558 ’

306 2660 464 2724 iudicium
500 2659 655 2740 feremus,
692 2659 779 2738 quod
816 2659 855 2723 de
891 2662 1030 2726 Pacuvii
1056 2664 1233 2725 Armorum
1265 2659 1389 2724 iudicio
1426 2657 1487 2742 (cf.

306 2786 381 2846 pag.
411 2765 478 2850 39),
503 2767 561 2832 vin
585 2765 751 2830 tollemur.

801 2987 995 3079 1111111.

413 3141 665 3206 Dissensiouem
716 3141 807 3204 illam
864 3138 903 3203 de
951 3141 1139 3220 Aeschyleo
1194 3149 1252 3208 111
1299 3139 1489 3219 Euripideo

309 3250 408 3314 huius
443 3247 577 3311 fabulae
614 3247 765 3325 exemplo
802 3266 821 3310 1
856 3247 941 3312 viris
977 3247 1181 3311 doctissimis
1214 3248 1402 3313 institutam
1430 3251 1490 3330 (cf.

307 3377 381 3436 pag.
424 3353 480 3437 48)
521 3355 713 3419 discernere
752 3363 902 3418 nostrum
941 3373 1005 3418 non
1046 3362 1109 3434 est,
1149 3355 1268 3433 quihus
1309 3356 1393 3420 setis
1435 3367 1492 3422 est

308 3464 521 3544 intellegere,
557 3482 632 3527 num
659 3461 834 3539 Sophoclis
870 3479 1000 3539 quoque
1032 3461 1120 3524 ratio
1146 3462 1260 3528 habito
1285 3463 1341 3527 sit.
1389 3461 1489 3543 Quod

309 3574 453 3649 probare
489 3569 602 3634 studet
626 3570 852 3648 Ribbeck³),
889 3567 946 3631 sed
977 3567 1087 3631 fateor
1111 3568 1191 3631 mihi
1217 3569 1348 3648 quidem
1374 3570 1488 3634 virum

312 3678 539 3743 doctissimum
579 3694 644 3740 non
683 3676 903 3752 persuasisse.
956 3675 1062 3740 Recte
1102 3674 1232 3754 quidem
1273 3676 1489 3742 intellexisse

305 3784 449 3851 'videtur
483 3777 624 3847 chorum
643 3782 795 3846 effectum
821 3781 925 3846 fuisse
950 3799 967 3844 e
993 3781 1134 3846 Graecis
1159 3783 1270 3848 ¹Ulixis
1295 3784 1488 3865 comitibus,

311 3890 368 3972 (ci.
394 3890 436 3955 fr.
470 3890 516 3969 I).
565 3890 628 3955 Sed
665 3909 735 3953 cum
773 3890 835 3954 hoc
866 3889 1029 3953 canticum
1066 3892 1106 3954 ab
1144 3891 1287 3967 Apuleio
1322 3889 1487 3954 traditum

309 3998 521 4063 desideretur
565 3998 597 4060 in
635 3996 810 4074 Sophoclis
853 3995 977 4075 fabule,
1016 3996 1117 4060 olium
1154 3997 1252 4061 huius
1295 4000 1486 4076 argumenti

310 4146 522 4154 -..--————.-

418 4247 443 4309 l)
464 4245 635 4313 ,‚Opusoule“
654 4243 716 4308 VII,
735 4259 798 4313 pag.
818 4244 879 4298 370.

415 4336 444 4404 2)
464 4334 505 4390 ef.
525 4334 613 4390 Wolff
627 4335 645 4388 1.
665 4335 682 4388 l.
702 4349 764 4402 pag.
784 4335 819 4388 26
838 4348 896 4404 sqq.

415 4426 442 4494 3)
462 4424 480 4479 1.
499 4425 518 4479 l.
537 4440 599 4494 pag.
619 4425 672 4478 376
692 4439 748 4493 sqq.
