3208 5080
608 439 828 498 ..65-

462 628 769 714 Agamemnonidae.
819 627 971 712 Erigona.

240 777 410 855 Erigonae
436 777 476 840 fr.
502 777 652 840 lV—VI.
680 775 908 839 demonstrant
941 783 1102 854 sumptam
1127 793 1201 838 esse
1225 778 1309 840 hanc

132 885 341 965 tragoediam
378 902 418 947 ex
449 884 590 963 Argivis
626 883 759 947 fabulis
808 883 890 947 Fuit
924 883 1032 962 igitur
1059 883 1211 962 Erigona
1245 903 1310 948 non

132 994 253 1074 Icarii,
304 992 362 1056 sed
412 992 569 1072 Aegisthi
615 1000 649 1056 et
689 991 976 1072 Clytaemnestrae
1016 991 1095 1055 filia.
1157 993 1207 1056 De
1247 1010 1311 1070 qua

133 1104 298 1167 certiores
330 1101 424 1166 fimus
449 1101 575 1182 Hygini
607 1100 721 1164 fabula
754 1106 826 1181 122,
859 1099 916 1162 uhi
940 1099 1100 1176 legimus:
1150 1100 1311 1180 „Mycena

136 1218 299 1277 venerunt
345 1217 380 1273 et
426 1209 548 1273 Aleten
595 1207 753 1287 Aegisthi
800 1207 904 1271 filium
952 1205 1089 1270 Orestes
1137 1205 1310 1271 interfecit

133 1327 168 1383 et
199 1319 383 1395 Erigonam
418 1334 459 1379 ex
491 1315 758 1404 Clytaemnestra
794 1323 828 1380 et
859 1314 1024 1392 Aegistho
1057 1321 1168 1378 natam
1201 1315 1311 1379 voluit

134 1425 335 1504 interficere,
374 1422 430 1487 sed
462 1423 571 1486 Diana
607 1441 676 1486 eam
713 1423 826 1501 rapuit
862 1430 895 1485 et
931 1423 966 1485 in
1000 1429 1125 1485 terram
1164 1423 1310 1485 Atticam

134 1532 343 1596 sacerdotem
382 1529 497 1594 fecit“.
567 1531 639 1594 Hoc
686 1537 883 1608 argumento
924 1529 1021 1593 Accii
1060 1527 1205 1593 fabulam
1246 1530 1309 1593 niti

134 1635 350 1719 Welcker¹)
399 1639 553 1717 coniecit,
602 1635 902 1716 Agamemnonidae
949 1654 1029 1701 vero
1077 1636 1117 1702 ad
1164 1637 1309 1715 priorem

135 1747 263 1826 Hygini
299 1745 431 1809 fabulae
467 1753 593 1825 partem
620 1745 790 1825 annexuit,
828 1763 891 1822 qua
916 1744 994 1823 quid
1020 1744 1161 1823 Delphis
1186 1743 1310 1808 facturn

134 1857 180 1919 sit
204 1861 371 1917 narratur.
422 1853 456 1916 L.
482 1849 664 1934 Miiller2)
696 1871 826 1930 quoque
857 1852 1025 1931 propriam
1050 1852 1184 1930 utrique
1209 1852 1310 1916 titulo

134 1960 343 2040 tragoediam
366 1960 563 2039 vindicavit,
590 1968 627 2024 ut
651 1961 802 2037 Erigona
819 1961 981 2040 Mycenis
1006 1959 1309 2037 Agamemnonidae

136 2069 276 2148 Delphis
323 2076 419 2133 actae
467 2063 588 2132 essent.
658 2068 772 2131 Monet
821 2086 901 2133 vero
940 2063 1155 2150 Rihbeclrl)
1203 2085 1309 2145 neque

137 2177 282 2255 priorem
300 2194 407 2255 neque
430 2176 651 2255 posteriorem
669 2175 875 2238 narrationis
892 2175 1019 2255 Hygini
1037 2182 1164 2254 partem
1181 2182 1308 2238 tantum

135 2284 296 2348 materiae
321 2285 493 2362 praebere,
523 2290 679 2362 quantum
707 2284 829 2347 iustum
855 2282 967 2345 drama
991 2282 1170 2347 desideret.
1218 2281 1310 2344 Duos

137 2391 243 2469 igitur
279 2390 425 2454 eiusdem
461 2389 658 2468 tragoediae
694 2389 814 2454 titulos
850 2407 923 2452 esse
948 2389 1131 2467 Erigonam
1164 2397 1198 2453 et
1222 2392 1310 2467 Aga·

137 2496 405 2578 memnonidas4).
446 2498 517 2561 Non
535 2514 637 2577 prave
655 2499 717 2561 hoc
735 2497 925 2560 conclusum
942 2496 1086 2576 videtur,
1110 2496 1309 2576 praesertim

138 2623 209 2669 curn
234 2606 368 2684 saepius
392 2604 477 2684 apud
509 2614 625 2684 poetas
649 2605 815 2668 Romanos
847 2602 996 2668 dramata
1021 2603 1147 2668 duobus
1171 2603 1310 2666 nomini·

136 2714 198 2775 hus
246 2718 408 2775 exornata
455 2712 690 2776 invenerimus.
761 2711 832 2792 Qud
880 2719 989 2775 autern
1030 2711 1182 2775 Ribbeck
1226 2711 1310 2774 hauc

135 2817 344 2897 tragoediam
369 2817 510 2896 Delphis
534 2819 643 2881 locum
668 2819 825 2882 habuisse
850 2817 1004 2895 affirmat,
1037 2837 1101 2897 quo
1125 2836 1190 2881 non
1215 2818 1310 2882 modo

138 2926 287 3006 OresteS,
322 2925 510 3005 Iphigenia,
546 2925 695 3006 Electra,
732 2924 790 2988 sed
826 2925 925 2988 etiarn
951 2924 1068 2989 Aletes
1105 2932 1139 2989 et
1162 2925 1314 3004 Erigona

139 3033 384 3114 convenissent,
409 3032 511 3097 aliter
534 3050 584 3096 me
610 3032 736 3095 sentire
762 3029 881 3095 fateor.
928 3031 1042 3109 Neque
1068 3031 1154 3095 enirn
1173 3031 1314 3110 Delphis

136 3140 320 3218 Erigonam
356 3140 442 3205 tanti
478 3138 636 3203 momenti
672 3137 777 3202 fuisse
808 3138 918 3219 credo,
954 3147 992 3202 ut
1016 3146 1126 3218 aptum
1153 3138 1312 3202 dramatis

137 3246 273 3310 titulum
311 3247 496 3327 exhiberet,
533 3245 591 3309 sed
615 3245 785 3308 Electram
818 3252 876 3308 aut
899 3245 1118 3324 Iphigeniam.
1167 3244 1239 3325 Quo
1264 3244 1314 3326 fit,

140 3362 178 3417 ut
201 3355 359 3433 Mycenas
390 3352 600 3416 adducamur.
649 3354 759 3430 Atque
784 3351 955 3415 Electram
987 3351 1131 3415 fabulam
1157 3352 1185 3416 si
1209 3352 1314 3431 respi-

142 3461 257 3535 cimus,
293 3460 573 3524 verisimillimum
607 3459 645 3522 fit
679 3458 765 3538 piam
803 3465 837 3520 et
861 3459 1069 3522 innocentem
1096 3458 1314 3523 scelestorum

139 3567 327 3647 parentium
352 3567 452 3631 filiam
478 3565 565 3629 domi
595 3584 665 3630 eam
691 3566 802 3644 egisse
828 3580 1013 3645 personam,
1046 3571 1082 3629 ut
1105 3572 1179 3629 tota
1203 3565 1316 3629 fabula

140 3674 175 3737 in
208 3692 248 3737 ea
283 3674 459 3739 niteretur.
519 3673 591 3737 Non
623 3674 731 3736 minus
756 3673 820 3736 huc
845 3670 987 3749 quadrat
1013 3671 1314 3750 Agamemnonidae

141 3781 197 3860 qui
222 3779 369 3844 traditur
392 3781 522 3846 titulus
571 3779 703 3858 Optime
728 3779 815 3842 enirn
840 3796 879 3842 ea
903 3776 1026 3856 fabula,
1052 3797 1116 3856 qua
1139 3787 1210 3843 tres
1228 3780 1315 3857 Aga-

142 3888 323 3951 memnonis
358 3888 459 3951 liheri
497 3888 664 3954 coniuncti
702 3885 835 3952 tandem
872 3885 1051 3963 aliquando
1081 3885 1115 3948 in
1140 3892 1313 3964 paternum

251 4081 278 4143 1)
296 4080 314 4133 l.
334 4078 352 4132 l.
370 4095 434 4150 pag.
453 4081 514 4134 216.

248 4171 277 4234 2)
297 4169 348 4238 ,de
366 4169 441 4222 Accii
461 4168 575 4223 fabulis“
596 4184 658 4237 pag.
679 4169 704 4220 5.

250 4259 277 4328 3)
296 4259 313 4313 l.
332 4259 350 4313 l.
370 4274 432 4327 pag.
451 4259 505 4313 469
524 4273 582 4326 sqq.

251 4353 279 4413 4)
298 4348 387 4402 Etiam
406 4347 510 4402 Teuffel
530 4348 548 4401 1.
567 4347 584 4400 l.
604 4361 667 4416 pag.
689 4349 722 4399 19
741 4349 768 4400 et
787 4347 959 4414 Grotemeyer
977 4347 994 4400 l.
1015 4346 1030 4404 l.
1051 4349 1158 4414 negot
1177 4347 1318 4412 utramque

143 4438 311 4506 tragoediam
331 4438 402 4492 inter
419 4453 449 4492 se
469 4437 656 4505 coniungunt
