3208 5080
785 380 1003 450 ..36-

803 583 983 648 Atalantae

310 703 366 749 res
403 694 520 765 gestae
555 704 620 750 non
655 705 733 750 raro
770 707 789 751 a
827 689 966 754 Graccis
1002 699 1169 757 tractatae
1207 712 1279 758 esse
1304 695 1483 774 videntur;

311 792 350 857 de
376 794 477 856 claris
513 792 623 870 poetis
660 795 757 858 nnius
793 798 953 877 Aeschyli
991 791 1162 880 Ἀταλάντη
1196 812 1483 884 commemoratur,

311 918 396 978 qnae
422 901 502 979 qnid
527 902 699 979 complexa
724 903 779 983 sit,
805 904 979 968 obscurum
1007 914 1067 971 est.
1107 908 1268 971 Fortasse
1286 911 1385 973 etiam
1400 910 1483 973 haec

309 1009 449 1073 Pacuvii
474 1007 587 1073 tabula
623 1009 662 1073 ad
699 1019 818 1087 poetae
853 1013 961 1076 minus
997 1014 1140 1077 celebris
1176 1017 1360 1093 exemplum
1384 1035 1483 1081 revo-

310 1115 414 1179 canda
438 1124 499 1184 est.

413 1223 527 1301 Neque
551 1231 662 1288 tamen
686 1224 838 1304 neglexit
861 1233 961 1302 poeta
990 1233 1105 1291 noster
1137 1228 1482 1306 splendidissimorum
1587 1309 1588 1312 Ἴ

308 1331 516 1409 tragicorum
542 1330 703 1412 dramata,
728 1339 765 1395 ut
790 1349 830 1395 ex
855 1332 908 1395 his
933 1335 1166 1410 cognoscitur:

819 1493 921 1556 Antio
947 1512 966 1555 a

309 1616 349 1661 ex
373 1597 536 1676 Euripide
562 1598 661 1663 ducta
686 1606 737 1662 est
761 1607 848 1663 teste
874 1511 1035 1664 Cicperone
1061 1601 1114 1678 (de
1139 1601 1192 1665 fin.
1217 1603 1244 1683 I,
1270 1602 1354 1686 2,4);
1379 1603 1480 1668 iidem

309 1712 428 1783 poetae
453 1705 593 1770 debetur

805 1815 984 1895 Pentheus

306 1921 401 1983 cuius
451 1927 681 1997 argumentum
721 1939 749 1982 a.
775 1920 893 1985 Servio
934 1919 988 2002 (ad
1037 1922 1136 1999 Verg.
1176 1924 1259 1986 Aen.
1299 1923 1358 2003 IV,
1396 1921 1478 2005 469)
1587 1911 1588 1988 ξ

307 2035 476 2091 narratum
503 2045 641 2104 prorsus
667 2027 835 2090 consentit
860 2045 931 2090 cum
956 2029 1099 2092 Bacchis
1116 2028 1302 2108 Euripidis,
1327 2039 1478 2108 praeter·

305 2153 401 2212 quam
439 2133 525 2213 quod
562 2153 627 2197 non
656 2134 826 2213 Dionysus
855 2135 944 2215 ipse,
981 2133 1039 2198 sed
1064 2137 1226 2216 Acoetes,
1258 2138 1369 2201 socius
1394 2138 1479 2220 eiua,

304 2242 497 2305 aPentheo
529 2242 563 2304 in
594 2242 730 2306 vincula
764 2241 931 2305 conicitur
960 2242 1016 2323 (cf.
1043 2262 1119 2320 pag.
1145 2248 1221 2324 32).
1269 2243 1358 2307 Idem
1392 2245 1479 2309 haud

302 2349 372 2411 scio
398 2367 440 2412 an
464 2348 674 2412 statuendum
699 2349 745 2411 sit
770 2348 809 2411 de

804 2510 970 2573 Periboea

302 2637 398 2697 quam
430 2617 470 2681 ad
504 2617 678 2694 Euripidis
704 2617 850 2680 Oeneum
884 2559 1120 2680 adnectendam
1153 2635 1227 2681 esse
1260 2619 1477 2696 Ribbeckp

301 2727 491 2802 suspicatus
535 2732 587 2788 est
621 2724 821 2806 adversante
857 2724 894 2787 L.
930 2722 1181 2806 Muellero2),
1218 2727 1275 2803 qui
1311 2726 1475 2794 Graecum

300 2832 399 2896 huius
439 2830 572 2896 fabulae
615 2838 784 2895 auctorem
821 2831 911 2895 inter
941 2829 1122 2909 Euripides
1153 2839 1340 2896 sectatores
1371 2832 1476 2898 fnisse

301 2940 366 3021 sibi
390 2939 569 3018 persuasit.

782 3027 1002 3108 Protesilaus

301 3154 373 3199 cum
405 3154 424 3198 a
457 3136 529 3199 solo
555 3136 701 3199 Antonio
727 3134 869 3215 Volsc0,
895 3135 951 3212 qui
976 3135 1063 3198 vixit
1087 3153 1174 3199 saec.
1221 3136 1294 3199 XV.
1320 3144 1474 3218 exeunte,

299 3242 514 3307 adnotatione
539 3242 580 3306 ad
605 3241 718 3308 Ovidii
740 3240 919 3305 Heroidem
938 3241 1033 3304 XIII.
1058 3240 1148 3305 facta
1173 3243 1371 3324 nominetur,
1397 3263 1474 3308 num

300 3351 489 3415 aPaeuvio
523 3350 706 3428 composita
737 3350 800 3430 sit,
836 3349 1025 3426 ambignum
1062 3359 1132 3429 est,
1170 3357 1206 3414 ut
1241 3351 1474 3427 supersedeam

297 3475 433 3520 munere
458 3457 576 3521 iudicii
608 3457 648 3520 dc
672 3455 847 3535 Euripidis
872 3456 1062 3520 Protesilao
1088 3441 1248 3520 adhibita
1270 3456 1473 3534 proferendi.

406 3563 609 3645 Quamquam
634 3565 741 3643 igitur
765 3565 932 3628 Pacuvius
957 3581 1087 3642 quoque
1110 3563 1285 3641 Euripidis
1303 3565 1472 3630 'rationem

298 3671 425 3752 habuit,
450 3679 560 3736 tamen
585 3689 625 3734 ex
644 3671 703 3751 eia,
730 3689 813 3749 quae
832 3671 981 3751 exposui,
1006 3677 1147 3748 apparet
1164 3670 1224 3734 illa
1241 3670 1473 3754 admiratione,

297 3795 361 3854 qua
393 3776 527 3842 adducti
560 3779 691 3855 priores
723 3779 845 3841 iterum
879 3785 978 3854 atque
1011 3778 1132 3841 iterum
1168 3778 1201 3840 in
1226 3779 1400 3856 Euripidis
1424 3779 1473 3870 Ia-

297 3884 392 3948 bulas
432 3884 611 3949 vertendas
648 3883 853 3963 Inciderant,
890 3901 961 3947 eum
999 3884 1102 3947 multo
1131 3886 1239 3964 minus
1273 3887 1472 3951 obstrictum

298 3989 413 4054 fuisse.
485 3994 531 4056 At
576 4010 639 4054 non
687 3990 781 4054 modo
826 3990 993 4067 ignobiles
1039 3999 1158 4068 poetae
1205 3992 1293 4055 inter
1331 3994 1473 4059 Pacuvii

403 4204 430 4355 E}
451 4202 502 4358 {dle
520 4203 780 4346 EaageuEQiafabulim
809 4289 924 4343 Journal
944 4288 969 4342 d.
989 4287 1104 4343 Kaiecrl.
1123 4304 1191 4343 ruas,
1211 4290 1403 4345 Ministeriuma
1423 4292 1475 4348 dcr

178 4460 181 4468 μ
297 4379 556 4451 Volksauikldrung,
579 4384 658 4448 1889,
678 4397 740 4449 pag.
760 4382 803 4436 90.
