3208 5080
754 349 972 413 -ggffi

378 541 418 606 fr.
444 542 486 608 X:
512 544 648 608 Alcmeo
674 553 801 624 patrem
826 545 916 610 ultus
940 553 1001 610 est.

379 651 497 728 Itaque
526 651 672 732 Epigoni
700 653 913 717 Alcmeonem
942 662 1188 732 proposuerunt
1213 654 1253 717 ab
1284 654 1452 734 Eriphyla

276 757 476 836 proditionis
509 774 632 838 poenas
665 760 863 838 exigentem.
912 759 951 824 ld
975 768 1085 824 autem
1111 761 1221 825 scelus
1245 758 1372 825 factum
1398 769 1451 826 est

275 883 339 928 non
365 873 537 944 postquam
562 866 699 930 Alcmeo
717 867 840 932 Thebis
865 867 994 931 domum
1017 868 1173 948 revertit,
1199 868 1288 933 sicut
1312 869 1450 948 Apollo-

276 971 377 1036 dorus
402 973 423 1036 l.
449 973 471 1036 1.
496 981 622 1056 narrat,
648 974 706 1038 sed
731 993 802 1038 cum
828 975 924 1039 Accii
941 974 1139 1052 fragmentis
1163 974 1260 1040 I-II
1276 974 1450 1055 Epigonos

274 1079 416 1144 nondum
465 1081 595 1145 Thebas
642 1080 811 1160 profectos
862 1099 935 1145 esse
976 1089 1196 1163 coarguatur,
1236 1090 1312 1147 ante
1352 1098 1451 1160 quam

275 1187 421 1251 secunda
445 1187 506 1252 illa
530 1196 648 1252 contra
679 1189 810 1252 Thebas
842 1188 1010 1267 expeditio
1044 1197 1247 1256 moveretur.
1295 1189 1448 1254 Concedo

277 1294 405 1372 aliquid
440 1293 650 1359 difficultatis
675 1295 751 1360 inde
786 1296 882 1364 oriri.
928 1295 1006 1360 Iure
1031 1297 1119 1360 enim
1143 1296 1180 1360 L.
1205 1294 1388 1379 Miiller¹l
1414 1297 1450 1362 in

275 1400 408 1465 dubium
448 1408 563 1484 vocat,
612 1408 723 1465 utrum
768 1403 864 1466 homo
904 1403 1021 1467 matris
1061 1403 1223 1481 sanguiue
1263 1403 1450 1467 maculatus

276 1508 504 1588 Epigonorum
530 1508 595 1572 dux
613 1509 759 1573 existere
785 1510 934 1587 potuerit
957 1510 1107 1589 necne2).
1157 1512 1267 1587 Atque
1292 1509 1447 1586 quoniam

273 1614 461 1692 fragmenta
484 1615 511 1679 I.
529 1625 563 1681 et
579 1616 625 1679 ΙΙ.
651 1615 725 1679 luce
750 1616 875 1680 clarius
901 1624 1055 1681 estante
1082 1616 1173 1680 illam
1199 1615 1448 1695 expeditionem

275 1722 406 1801 prolata
431 1740 515 1802 esse,
542 1723 594 1788 vir
618 1721 831 1786 doctissimus
855 1723 1028 1802 Epigonos
1060 1724 1274 1803 proposuisse
1304 1723 1450 1789 affirmat

273 1830 485 1893 Alcmeonem
518 1848 607 1895 nova
635 1829 820 1910 Eriphylae
852 1829 1041 1908 proditione
1074 1829 1249 1895 adductum
1284 1849 1379 1912 esse,
1410 1839 1451 1896 ut

274 1937 354 2000 belli
396 1937 564 2016 particeps
603 1937 709 2001 fieret.
769 1935 833 2001 Sed
869 1937 898 2000 si
934 1937 1031 2000 Accii
1061 1935 1250 2015 fragmenta
1285 1937 1332 2002 VI
1357 1945 1392 2001 et
1415 1938 1451 2002 X

274 2058 374 2122 supra
410 2051 664 2108 commemorata
701 2044 931 2125 respiciemus
967 2044 1132 2125 Epigonis
1168 2062 1239 2108 eam
1275 2044 1450 2108 materiam

278 2150 510 2227 attribuemus
552 2166 634 2228 quae
674 2151 703 2214 si
742 2169 807 2214 non
843 2150 883 2214 de
921 2158 1070 2231 tempore
1109 2159 1218 2216 tamen
1260 2151 1299 2214 de
1334 2169 1371 2214 re
1407 2151 1451 2214 ab

276 2256 482 2335 Apollodoro
507 2257 686 2322 memoriae
712 2256 874 2335 proditur.

376 2364 489 2428 Talem
524 2371 633 2428 autem
663 2363 808 2428 fabulam
841 2362 953 2428 eodem
988 2365 1016 2427 si
1048 2383 1112 2428 non
1144 2364 1271 2428 maiore
1304 2366 1376 2429 iure
1401 2364 1452 2427 in·

275 2471 424 2534 scribere
463 2471 589 2535 licebat
626 2471 835 2535 Alcmeonem
875 2471 930 2537 vel
965 2470 1173 2551 Eriphylam.
1221 2471 1290 2535 Nec
1330 2471 1453 2535 desunt

276 2578 358 2640 haec
382 2578 516 2641 nomina
547 2579 636 2642 inter
665 2579 785 2642 titulos
809 2578 906 2640 nobis
930 2585 1093 2642 servatos.
1141 2578 1339 2642 Nominatur
1363 2578 1452 2641 enim

279 2682 454 2761 Sophoclis
479 2679 651 2766 Ἐριφύλη,
685 2701 768 2762 quae
794 2685 866 2763 ipsa
890 2700 1020 2762 quoque
1046 2684 1085 2749 de
1110 2685 1291 2748 Alcmeone
1316 2692 1351 2748 et
1374 2685 1453 2748 Eri·

177 2808 184 2821 ·
281 2790 383 2869 phyla
407 2792 528 2869 agebat
553 2789 594 2854 cf.
620 2792 718 2857 Prov.
746 2791 815 2854 cod.
840 2792 957 2869 Ath.⁸)
983 2799 1017 2855 et
1040 2793 1139 2857 Prov.
1165 2791 1381 2871 appendlll,
1400 2795 1454 2854 35.

386 2900 497 2975 Atque
535 2917 606 2962 cum
643 2897 714 2962 fieri
746 2917 811 2962 non
843 2916 940 2976 posse
975 2899 1172 2978 existimem,
1209 2907 1246 2963 ut
1273 2897 1459 2976 Sophocles

274 3003 355 3068 duas
381 3005 470 3070 inter
494 3024 529 3069 se
555 3006 706 3071 diversas
732 3005 771 3069 de
796 3005 976 3069 Alcmeone
1001 3014 1035 3070 et
1058 3006 1225 3086 Eriphyla
1258 3005 1457 3084 tragoedias

274 3113 517 3192 composuerit,
563 3113 738 3191 Sophoclis
782 3113 981 3194 Eriphylam
1018 3112 1102 3176 idem
1129 3112 1242 3176 drama
1273 3130 1347 3177 esse
1372 3113 1456 3177 mihi

277 3219 429 3297 persuasi
454 3226 554 3297 atque
580 3220 761 3299 Epigonos
809 3220 877 3283 Nec
902 3221 1009 3299 magis
1034 3238 1075 3282 ex
1100 3219 1268 3300 Accianis
1294 3218 1349 3297 qui
1375 3228 1455 3284 sunt

279 3326 430 3388 Alcimeo
449 3334 483 3390 et
500 3327 675 3407 Eriphyla,
700 3328 812 3392 titulis
836 3326 1033 3407 Eriphylam
1060 3326 1100 3390 ad
1124 3327 1297 3406 Epigonos
1323 3324 1456 3390 referre

276 3431 403 3514 dubito,
442 3448 636 3511 quamquam
673 3452 713 3497 ex
748 3452 812 3497 uno
847 3435 920 3497 loco
958 3433 1034 3496 inde
1070 3442 1205 3498 servato
1241 3451 1305 3496 non
1330 3432 1455 3514 elucet,

276 3539 356 3615 quid
381 3539 462 3603 haec
488 3538 602 3604 fabula
627 3541 798 3619 complexa
822 3541 877 3604 sit.

376 3647 534 3711 Pluribus
578 3665 656 3712 vero
701 3647 741 3712 de
777 3648 971 3712 Alcimeone
1008 3647 1154 3711 Acciana
1199 3645 1312 3711 tabula
1351 3665 1456 3724 agere

274 3752 435 3831 cogimur.
484 3752 576 3834 Quae
601 3754 680 3832 quid
706 3755 914 3819 continuerit
939 3753 1036 3818 docet
1059 3753 1100 3818 fr.
1126 3754 1200 3818 IV.:

408 3861 487 3940 „qui
512 3860 611 3926 ducat
636 3880 708 3925 cum
735 3869 770 3926 te
795 3879 946 3925 socerum
971 3859 1096 3925 viderit

407 3969 588 4046 generibus
612 3976 738 4033 tantam
768 3986 841 4032 esse
867 3964 1117 4048 impietatem?“

382 4163 406 4225 ll
425 4159 487 4228 „De
508 4159 579 4212 Accii
599 4158 715 4213 tabulis‘
735 4175 798 4229 pag.
813 4161 856 4216 28.

379 4251 405 4317 2)
427 4249 467 4303 Ne
494 4249 668 4316 Grotemeyor
687 4250 794 4317 quidem
815 4249 843 4314 (l.
863 4248 881 4302 l
901 4264 964 4318 pag.
984 4250 1030 4316 As)
1049 4265 1065 4303 a
1085 4264 1113 4302 se
1132 4249 1333 4318 impetraverat,
1353 4253 1384 4302 ut
1402 4248 1455 4302 hoe

272 4337 329 4392 fieri
350 4339 470 4406 potuisse
489 4339 616 4393 crederet.

382 4431 409 4491 3)
429 4427 461 4480 In
481 4427 576 4481 llilleri
596 4427 674 4494 „illel
694 4427 726 4481 de
745 4426 798 4481 litt.
817 4429 877 4495 gr.“
897 4443 960 4496 pag.
972 4428 1032 4482 363.
