3208 5080
614 447 829 507 ..27-

139 636 414 720 (fuerunt'autem
433 631 655 720 Μυρμιδόνες,
674 638 831 724 Νηρῇδες,
851 633 975 720 Φρύγες
987 628 1169 720 ηἝκτορος
1184 633 1312 723 λύτρα),

139 764 221 824 quas
237 746 398 824 trilogiae
415 763 506 809 more
524 747 726 824 compositas
743 745 848 810 fuisse
865 745 1076 811 manifestum
1095 751 1184 823 est¹).
1232 747 1312 812 Cum

138 859 307 916 extremae
332 851 466 916 fabulae
497 859 695 930 argumento
730 853 944 917 consentiunt
975 852 1151 930 Sophoclis
1178 847 1311 934 Φρύγες.

245 976 456 1043 Welckero
469 983 491 1054 ²)
512 984 650 1041 anctore
673 976 712 1041 G.
734 976 964 1056 Hermanu³l
985 977 1158 1041 Ennianos
1179 977 1312 1041 fabulae

139 1084 317 1161 Sophoclis
347 1083 491 1148 fabulam
525 1084 711 1162 exemplum
736 1083 900 1148 Graecum
925 1082 1112 1150 vindicavit
1135 1085 1186 1148 sic
1208 1085 1313 1149 retio-

137 1192 286 1255 cinatus:
329 1183 513 1255 ‘Enniauae
552 1190 748 1269 tragoediae
785 1190 950 1269 reliquiae
982 1188 1102 1255 docent
1132 1191 1311 1256 Hectorem

136 1315 204 1360 non
229 1297 292 1360 iam
318 1297 472 1378 periisse,
498 1295 555 1360 sed
580 1297 735 1376 graviter
758 1297 885 1360 instare
903 1297 1044 1362 Achivis
1068 1296 1124 1372 (cf.
1149 1297 1313 1375 imprimis

136 1404 178 1467 fr.
214 1402 273 1486 ΙΙ).
332 1402 370 1467 11
414 1410 523 1468 autem
564 1404 709 1468 alienum
745 1410 797 1468 est
832 1405 873 1467 ah
909 1404 1071 1483 Aeschyli
1106 1404 1311 1485 Phrygibus,

136 1511 291 1589 quoniam
336 1511 495 1575 Hectoris
540 1518 680 1575 mortem
722 1511 787 1576 iam
827 1510 1049 1592 Nereidibus,
1093 1510 1312 1576 antecedente

136 1617 298 1695 trilogiae
336 1615 465 1699 fabula,
506 1618 712 1695 propositam
750 1617 855 1682 fuisse
908 1627 1059 1696 apparet.
1115 1619 1208 1696 Ergo
1247 1636 1312 1682 non

137 1725 316 1806 Aeschyli,
359 1723 415 1788 sed
451 1724 626 1802 Sophoclis
666 1724 811 1788 fabulam
852 1724 981 1789 Ennius
1020 1725 1084 1790 sibi
1119 1724 1312 1789 vertendam

136 1830 299 1909 sumpsit’.
346 1832 423 1909 Ipse
458 1838 566 1896 autem
592 1829 812 1915 Welcker⁴)
837 1832 910 1896 fieri
941 1833 1091 1910 potuisse
1122 1839 1242 1912 negat,
1276 1838 1314 1895 11

137 1939 319 2018 Sophocles
353 1939 463 2003 omnia
494 1938 555 2002 ille
585 1938 739 2003 Enniana
761 1957 827 2003 una
855 1938 969 2003 fabula
1002 1940 1216 2016 exprimeret.
1263 1938 1312 2001 Ne

137 2046 246 2123 igitur
269 2046 466 2123 Sophoclem
490 2045 592 2110 Ennii
617 2055 788 2112 auctorem
812 2047 941 2111 reicere
960 2054 1111 2126 cogatur,
1137 2063 1311 2125 quaecum·

137 2170 200 2231 que
247 2150 436 2232 fragmenta
475 2153 652 2217 Hectorem
697 2153 841 2218 nondum
890 2153 1036 2218 occisum
1082 2152 1310 2218 demonstrare

136 2259 313 2340 videntur,
350 2259 528 2325 inserenda
565 2279 637 2324 esse
674 2259 758 2324 dicit
793 2261 827 2324 in
863 2261 1009 2326 Achillis
1046 2259 1215 2341 oratione,
1253 2261 1309 2339 qui

131 2373 285 2447 recuset,
319 2367 494 2445 quominus
523 2368 656 2431 Priamo
689 2368 818 2445 petenti
843 2368 1001 2432 Hectoris
1032 2385 1153 2445 corpus
1185 2366 1309 2447 tradat,

135 2472 221 2553 quod
246 2474 305 2537 ille
329 2474 384 2539 vir
407 2481 460 2539 tot
483 2475 654 2553 tantisque
679 2473 889 2540 detrimentis
913 2475 1062 2540 Achivos
1087 2474 1248 2539 obruerit.

241 2580 345 2662 Quam
363 2582 562 2647 sententiam
587 2582 617 2646 si
641 2582 877 2662 examinamus,
902 2600 920 2645 0
944 2581 1123 2659 Sophoclei
1148 2580 1308 2647 dramatis

133 2688 290 2767 reliquiis
339 2689 425 2752 nihil
466 2689 645 2754 lucramur.
704 2690 826 2754 Verum
869 2696 980 2754 tamen
1022 2689 1200 2769 habemns,
1244 2707 1308 2768 quo

131 2795 290 2862 Welcker
301 2795 566 2860 luculentissime
576 2795 756 2877 refutatur,
768 2797 871 2861 Ennii
882 2796 1104 2875 fragmentum
1118 2794 1308 2861 secuudum:

263 2903 410 2984 „Hector
449 2904 484 2968 vi
519 2921 644 2967 summa
685 2911 832 2967 armatos
867 2903 981 2967 educit
1010 2903 1102 2968 foras

264 3009 451 3090 castrisque
477 3017 589 3075 castre
613 3010 678 3074 iam
703 3010 793 3075 ultro
819 3009 972 3094 conferre
998 3007 1172 3088 occupat.“

241 3115 323 3197 Quis
366 3118 453 3180 enim
496 3125 548 3183 est
588 3118 645 3197 qui
692 3118 757 3182 sibi
793 3116 994 3195 persuadeat
1028 3117 1155 3182 talibus
1191 3119 1307 3184 verbis

131 3222 299 3288 Achillem
324 3241 418 3287 usum
444 3243 528 3305 esse,
552 3232 590 3289 ut
613 3224 655 3289 ad
678 3243 734 3288 res
751 3231 907 3303 peractas
930 3232 1142 3306 provocaret,
1168 3245 1307 3305 quarum

131 3348 258 3394 memor
271 3349 290 3394 a
302 3347 338 3393 se
351 3349 417 3393 non
430 3331 639 3410 impetraret,
656 3340 694 3396 nt
706 3331 930 3396 inimicissimi
944 3350 1065 3410 corpus
1079 3332 1305 3410 sepeliendum

128 3435 310 3502 redderet?
367 3437 453 3519 Quid
487 3439 552 3503 sibi
585 3439 659 3504 vult
692 3438 754 3502 illa
784 3439 972 3516 praesentis
1005 3439 1167 3517 temporis
1199 3439 1308 3506 forma

128 3534 257 3626 ι11011,
283 3544 362 3623 qnid
386 3545 471 3611 illud
500 3537 614 3610 ‘iam'l
661 3545 825 3625 Equidem
848 3545 952 3611 verba
976 3564 1041 3609 non
1065 3546 1222 3629 Achillis,
1247 3548 1306 3614 sed

129 3652 240 3717 nuntii
273 3652 441 3717 cniusdam
472 3652 576 3718 fuisse
610 3652 827 3734 crediderim,
857 3654 914 3732 qui
938 3653 1097 3717 Hectoris
1130 3655 1304 3719 0111010-

127 3778 245 3823 norum
274 3759 401 3838 impetu
435 3778 506 3824 rem
537 3760 571 3824 in
606 3778 765 3825 summum
796 3759 975 3824 discrimen
999 3760 1132 3825 venisse
1158 3760 1304 3827 doceret.

235 3898 272 3964 1)-
284 3897 318 3952 01.
338 3897 370 3954 G.
383 3896 511 3953 Welckar
530 3898 599 3967 „Die
611 3898 818 3968 Aeschyleisoho
830 3897 950 3968 'Prilogie
971 3897 1164 3953 Prometheus‘
1183 3901 1303 3955 Dsrmst.

130 3987 207 4054 1814,
227 4002 291 4056 pag.
305 3988 358 4042 411
372 4002 429 4054 sqq.
467 3986 658 4059 Comprobavit
672 3988 807 4045 Welckeri
820 3987 984 4044 sententiam
1002 3987 1035 4042 N.
1050 3987 1192 4045 Wecklein
1211 3978 1306 4059 „liber

127 4076 187 4132 0110
199 4075 321 4145 Trilogie
340 4076 388 4131 des
403 4077 552 4145 Aeschylus
569 4078 626 4132 und
645 4078 711 4134 11101
730 4077 773 4133 110
791 4078 912 4148 ’11110ρί0
930 4079 1100 4149 1101101111·
1119 4078 1304 4148 8111111ρο101.

127 4166 153 4219 1.
167 4164 273 4235 philos,
285 4164 387 4234 philol,
401 4166 457 4219 nnd
469 4166 534 4220 hist.
548 4166 646 4222 Klasse
659 4169 684 4224 d.
697 4167 771 4236 hayr.
785 4168 868 4224 1001.
884 4167 908 4223 1.
923 4168 1006 4224 11100.
1018 4170 1232 4239 rsonpageev
1246 4186 1302 4239 sqq.

234 4255 349 4323 1),,1)10
369 4255 495 4323 Aeschyl.
513 4257 596 4326 Trsg.
616 4259 685 4315 etc.“
705 4273 768 4328 pag.
788 4260 850 4314 418.

235 4345 263 4414 3)
282 4344 452 4414 „opuseuhr
472 4344 504 4414 1,
525 4347 576 4402 156
595 4361 652 4415 sqq.

234 4435 263 4500 4)
283 4433 406 4502 „Griech
426 4435 510 4507 Trag.
529 4436 601 4494 eto.¹·
620 4452 682 4507 pag.
704 4437 764 4495 leo.
