3208 5080
797 435 1019 504 -24-

429 635 461 713 1)
496 633 538 698 11.
563 633 648 699 VIII
670 634 816 700 Achillis
840 636 944 699 verba
968 635 1159 700 continens:

482 742 760 822 „Astrologorum
800 743 898 820 signa
936 743 971 806 in
1011 744 1103 807 caelo
1140 744 1283 822 quaesit,
1323 745 1490 824 observet,

1392 851 1415 916 J
1418 852 1491 917 ovis

478 975 550 1021 cnm
587 974 688 1034 capra
723 963 781 1021 aut
813 974 899 1035 nepa
934 964 992 1022 aut
1027 957 1181 1022 exoritur
1203 976 1332 1023 momen
1355 959 1491 1037 aliquod

1360 1066 1488 1131 beluae.

477 1170 572 1252 Quod
589 1178 734 1236 estante
751 1170 853 1250 pedes
881 1190 989 1236 noenu
1006 1179 1174 1252 spectant:
1193 1173 1279 1237 caeli
1297 1181 1492 1239 scrutantur

1337 1281 1489 1359 plagas“.

314 1385 378 1449 Sed
427 1404 498 1449 cum
544 1403 650 1464 neque
690 1385 896 1463 Sophocleee
935 1386 1069 1451 fabulae
1107 1386 1273 1465 reliquiae
1314 1389 1489 1466 quicquam

313 1494 505 1574 praebeant,
550 1492 636 1573 qnod
673 1511 745 1557 cnm
779 1493 879 1556 Ennii
919 1494 1032 1559 verbis
1068 1502 1290 1574 comparetur,
1334 1502 1368 1558 et
1403 1496 1490 1573 apud

312 1599 509 1678 Euripidem
533 1600 685 1664 Achilles
723 1619 788 1664 non
823 1600 932 1664 minus
966 1601 1183 1666 uehementer
1213 1601 1392 1666 maledicat
1417 1621 1488 1666 curn

311 1707 446 1771 vatibus
476 1713 545 1771 tum
571 1707 744 1772 Calchanti
772 1706 826 1784 (cf.
852 1725 905 1772 vv.
932 1713 994 1772 955
1020 1706 1117 1790 sqq),
1153 1727 1248 1788 quam
1273 1716 1389 1772 nostro
1414 1709 1489 1772 loco

312 1813 464 1878 Enniano
490 1815 553 1877 hoc
577 1831 682 1893 genus
707 1813 906 1894 carpiturp,
931 1832 996 1877 non
1021 1822 1073 1880 est
1097 1833 1156 1879 cur
1180 1814 1354 1893 Euripidis
1379 1833 1488 1880 exem·

313 1920 402 1998 plum
427 1921 481 1984 hic
505 1921 695 1984 reiciamns.

420 2023 455 2110 2)
491 2027 533 2092 fr.
557 2028 625 2093 XI:

474 2153 579 2214 „qnae
603 2154 689 2199 nunc
714 2136 773 2200 ebs
796 2143 831 2200 te
856 2136 976 2200 viduae
1002 2143 1036 2200 11
1060 2144 1175 2202 vastae
1199 2137 1351 2215 virgines
1376 2136 1487 2202 sunt“.

313 2241 491 2306 Cuiusnam
527 2243 595 2307 sint
628 2243 709 2306 haec
739 2244 853 2320 verbe,
887 2243 1077 2321 haeremns3
1113 2243 1230 2322 Bergk
1253 2243 1357 2307 tuisse
1383 2262 1421 2308 11
1446 2262 1489 2308 ex

313 2348 598 2429 Clytaemnestrae
635 2357 669 2414 11
692 2351 951 2429 Agamemnonis
987 2369 1139 2414 sermone
1173 2359 1268 2415 retus
1303 2351 1373 2415 tale
1407 2351 1488 2429 quid
1586 2393 1587 2408 1

311 2454 397 2534 apud
420 2455 617 2534 Euripidem
641 2457 787 2522 inveniri
812 2465 923 2537 negat.
971 2456 1035 2521 Sed
1062 2475 1100 2520 re
1124 2474 1205 2522 vera
1231 2459 1399 2522 sententia
1421 2476 1490 2522 non

311 2564 360 2627 111
384 2562 558 2627 dissimilis
582 2563 755 2641 profertur
778 2565 813 2627 in
837 2563 1035 2642 Iphigeniae
1059 2563 1230 2628 monodia:

310 2688 364 2734 vv.
384 2673 470 2733 1334
486 2689 549 2749 sq:
619 2664 744 2748 μεγάλα
768 2664 896 2751 nuhaa,
921 2663 1047 2748 μεγάλα
1070 2661 1183 2748 δ’ἄχεα

622 2772 802 2846 Δαναΐδαις
824 2779 957 2838 τιθεῖσα
984 2776 1146 2860 Τυνδαρὶς
1169 2772 1262 2859 κόρα,

202 2883 207 2891 ’
310 2885 403 2949 Nihil
428 2886 535 2963 igitur
560 2885 612 2949 his
637 2883 763 2949 duobus
796 2886 881 2949 locis
906 2887 1074 2951 evincitur
1097 2886 1163 2949 nisi
1187 2885 1330 2950 Ennium
1355 2905 1420 2949 non
1446 2887 1490 2950 ad

310 2993 447 3058 verbum
471 2991 659 3056 reddidisse
684 2991 847 3057 Graecam
871 2991 1027 3056 fabulam.

416 3099 449 3179 3)
473 3099 555 3163 Plus
581 3099 792 3164 difficultatis
816 3107 951 3163 movent
974 3100 1096 3165 verba:
1306 3179 1309 3186 .

473 3207 559 3285 „iam
589 3205 718 3269 domum
750 3205 889 3269 itionem
917 3223 1016 3283 reges
1041 3205 1181 3269 Atridae
1206 3205 1395 3286 paneade),

309 3314 429 3392 quihus
443 3311 523 3391 quid
535 3311 750 3390 responderit
759 3310 976 3390 inEuripidis
986 3312 1099 3377 fabule
1109 3331 1174 3376 non
1185 3313 1401 3391 intelligitur.
1420 3313 1486 3376 Sed
1583 3289 1584 3313 ³

308 3419 390 3484 adeo
415 3438 480 3483 non
505 3427 647 3500 constat,
672 3438 747 3482 num
773 3417 995 3496 fragmentum
1020 3419 1103 3484 illud
1127 3419 1168 3484 ad
1185 3420 1327 3483 Ennium
1346 3419 1488 3498 eiusque

308 3527 518 3606 Iphigeniam
547 3526 757 3591 referendum
783 3527 838 3605 sit,
863 3535 965 3590 utne
990 3527 1053 3591 hoc
1077 3526 1209 3606 quidem
1234 3526 1307 3590 loco
1333 3527 1487 3605 Bergkio

309 3635 483 3714 quicquam
510 3634 679 3715 offeratur,
706 3651 770 3712 quo
787 3634 987 3698 sententiam
1005 3653 1097 3698 suam
1114 3633 1244 3714 fulciet,
1269 3635 1488 3698 etiamsinon

416 3900 443 3962 1)
463 3896 540 3972 Quod
559 3911 719 3964 quemqnam
738 3911 772 3950 11
785 3895 931 3965 Bergkinm
951 3896 1057 3964 quidem
1070 3895 1175 3964 elingit,
1194 3901 1285 3950 tamen
1306 3896 1417 3952 retineri
1431 3913 1490 3952 non

308 3987 405 4055 potuit,
434 3987 497 4053 quin
520 3985 603 4040 nullis
626 3986 715 4040 causis
734 3984 835 4040 additis
854 3986 1042 4041 contenderet:
1073 4000 1182 4053 „verum
1201 3989 1288 4040 totum
1307 3985 1378 4040 hunc
1396 3987 1489 4045 locum

307 4077 340 4129 de
367 4075 496 4143 Sophocle
525 4073 696 4130 haustulisse
724 4075 831 4130 videtur
858 4075 988 4129 Ennine.“
1026 4073 1065 4128 Ol.
1095 4075 1177 4129 etiam
1196 4075 1304 4129 Vahlen
1333 4075 1403 4140 (Iud.
1423 4076 1489 4130 lect.

307 4165 567 4220 Berol.sen1.eest.
590 4165 665 4233 1878,
694 4180 756 4233 pag.
777 4166 814 4233 5),
842 4166 887 4232 qui
914 4165 964 4218 hoc
995 4163 1176 4232 fragmentum
1206 4165 1347 4220 emendare
1374 4165 1491 4220 studens

308 4255 380 4323 apud
397 4254 514 4308 Ennium
532 4260 665 4323 pertenue
683 4253 830 4323 vestigium
848 4255 960 4323 agnosci
980 4253 1084 4308 1111111
1102 4270 1191 4309 eorum
1211 4254 1361 4322 verborum,
1388 4255 1491 4322 quibus

307 4343 449 4413 Euripides
468 4344 599 4399 Achillem
619 4343 687 4398 11111
705 4343 878 4399 invehentem
897 4345 926 4397 11
945 4343 1126 4398 Calchantem.

416 4435 442 4498 l)
462 4433 604 4503 [teguntur
623 4434 693 4503 apud
712 4431 889 4488 Ribbeckium
907 4433 1115 4488 interiacentes
1134 4431 1240 4486 fabulas
1258 4432 1318 4486 loco
1337 4433 1413 4488 XHI.
