3208 5080
784 439 1003 498 ..72-

303 630 359 694 hic
384 631 564 694 Accianum
590 627 750 707 quendam
776 627 883 692 locum
909 645 950 691 ex
972 628 1190 709 Argonautis,
1216 629 1275 693 ille
1299 647 1340 693 ex
1365 630 1485 695 Medea

306 737 459 802 haustum
484 737 634 812 moneo).
682 734 804 798 'lamen
828 743 1096 814 segregantura
1125 734 1389 821 Welcker02)
1428 739 1484 802 cui

305 843 512 921 Argonautis
552 841 713 921 Aeschyli
750 831 842 922 Ἀργώ
880 829 900 921 ἢ
940 841 1128 902 cenaverat
1165 841 1326 922 adhibita,
1363 842 1484 908 Medea

305 958 415 1014 autem
440 948 527 1012 idem
551 955 732 1012 tractatum
757 946 893 1012 videtur
917 956 1016 1026 atque
1040 949 1181 1012 Pacuvii
1198 948 1335 1029 Med03).
1376 949 1484 1030 Quam

303 1056 503 1120 seutentiam
528 1063 565 1120 ut
589 1054 821 1134 amplectatur,
846 1052 1023 1118 adducitur
1039 1053 1219 1134 fragmenti
1237 1055 1328 1120 XVI.
1347 1057 1486 1132 verbis:

470 1161 620 1242 „pernici
645 1160 803 1225 orbificor
826 1161 1008 1225 liberorum
1034 1162 1103 1225 leto
1128 1169 1162 1226 et
1185 1161 1418 1242 tabificabili“‚

309 1287 393 1349 quae
419 1288 492 1333 cum
516 1269 665 1333 morbum
689 1268 913 1346 perniciosum
931 1268 1123 1347 significent
1139 1268 1179 1332 ad
1197 1269 1324 1348 Hygini
1341 1269 1408 1334 fab
1429 1277 1485 1336 27.

305 1377 430 1442 verba:

464 1483 541 1562 „ubi
565 1483 732 1547 sterilitas
757 1489 791 1546 et
815 1481 955 1559 penuria
980 1481 1113 1560 frugum
1139 1481 1265 1547 dicitur
1289 1483 1417 1547 fuisse“

304 1591 506 1670 pertineant.
553 1590 634 1653 Nam
659 1589 715 1653 ubi
739 1582 833 1666 λιμὸς
857 1587 913 1670 sit,
943 1588 990 1651 ibi
1015 1606 1088 1652 esse
1114 1590 1213 1653 etiam
1239 1585 1366 1667 λοιμόν.
1416 1592 1483 1656 Sed

305 1717 379 1762 cum
419 1715 526 1774 neque
566 1697 750 1761 sterilitate
790 1706 917 1774 pestem
957 1696 1040 1759 oriri
1072 1698 1284 1761 accessesit
1315 1706 1350 1763 et
1381 1699 1486 1763 Nouii

306 1805 540 1882 Priscianique
575 1803 803 1867 testimonium
841 1802 999 1867 distincte
1023 1802 1173 1866 Medeam
1209 1811 1243 1868 et
1267 1807 1487 1883 Argonautas

308 1917 473 1990 conectat,
510 1910 622 1974 facere
645 1929 711 1973 nou
736 1927 880 1991 possum,
916 1917 953 1973 ut
977 1909 1191 1974 Welckerum
1215 1928 1346 1989 sequar.
1394 1911 1487 1992 Quid

307 2025 417 2081 autem
450 2017 639 2094 argumenti
665 2016 811 2080 Acciana
834 2015 949 2079 fabula
979 2016 1145 2092 habuerit,
1171 2016 1403 2082 difficillimum
1431 2029 1486 2085 est

308 2124 494 2189 intellectu.
542 2124 623 2187 Nam
649 2141 844 2202 quamquam
875 2124 1032 2201 permulti
1059 2123 1134 2188 inde
1159 2122 1277 2188 traditi
1302 2133 1380 2188 suut
1403 2125 1487 2206 loci,

306 2240 416 2297 tamen
441 2231 523 2295 adeo
548 2238 626 2294 suut
651 2229 795 2310 obscuri,
820 2237 857 2293 ut
881 2231 999 2293 mirum
1023 2249 1089 2294 uon
1113 2231 1168 2312 sit,
1194 2230 1281 2309 quod
1305 2233 1420 2298 variae
1445 2233 1487 2297 dc

307 2346 506 2418 argumento
532 2338 720 2401 sententiae
745 2357 764 2401 a
788 2337 873 2402 viris
891 2336 1000 2401 doctis
1017 2338 1170 2415 prolatae
1188 2346 1275 2404 sunt.
1316 2338 1487 2418 Equibus

307 2447 482 2511 afferatur:
1597 2499 1598 2530 .

415 2555 551 2618 Grote
563 2550 744 2633 meyer⁴)‚
763 2552 820 2630 qui
838 2559 992 2629 respecta
1001 2552 1129 2632 Hygini
1142 2552 1256 2618 fabula
1269 2553 1486 2618 23.Medeam
1597 2551 1598 2580 ³

470 2660 649 2724 Accianum
674 2660 709 2722 iu
734 2658 875 2722 insulam
900 2659 1086 2723 Phaeacum
1111 2659 1254 2739 relegat,

415 2765 583 2831 hadewi
594 2766 662 2846 g⁵)‚
688 2766 741 2829 cui
759 2765 855 2828 Accii
879 2764 993 2830 fabula
1018 2766 1051 2830 in
1069 2766 1227 2831 Colchide
1245 2775 1321 2832 acta
1337 2767 1488 2850 videtur,

472 2872 1489 2957 utargumeutumexSophoclisdolchidibusmutuatumsit⁶)‚
1595 2937 1596 2948 .

415 2983 656 3062 Ribbeckq,
704 2981 760 3059 qui
807 2979 848 3044 ad
895 2981 977 3045 lstri
1024 2981 1145 3045 ostium
1185 2980 1334 3045 Medeam
1374 2982 1488 3046 locum

470 3089 662 3165 habuissessl
715 3095 748 3151 et
795 3089 971 3167 Sophoclis
1022 3081 1170 3170 Σκύθας,
1219 3107 1314 3166 quam
1361 3087 1488 3152 ibidem
1595 3141 1596 3158 .

471 3196 625 3274 collocat,
652 3197 858 3272 expressisse
883 3196 1050 3275 proponit.

417 3303 499 3385 Quis
528 3321 643 3367 verum
672 3301 808 3385 viderit,
832 3322 873 3368 ue
889 3303 1113 3382 probabiliter
1129 3303 1261 3382 quidem
1278 3302 1345 3366 dici
1362 3310 1488 3381 potest.

313 3414 429 3479 Utrum
454 3413 562 3491 igitur
586 3411 762 3489 Sophoclis
787 3411 899 3490 aliqua
923 3410 1100 3488 tragoedia
1124 3413 1164 3474 ab
1190 3412 1293 3475 Accio
1320 3428 1487 3476 conversa

311 3521 356 3584 sit
380 3537 495 3600 necue,
520 3518 686 3583 affirmare
710 3536 849 3596 nequeo.

422 3715 448 3778 1)
468 3711 508 3764 uf.
528 3710 581 3764 Cic.
602 3710 635 3763 de
654 3716 709 3764 uat.
731 3711 802 3764 deor.
822 3710 858 3778 11,
878 3712 921 3775 35,
942 3711 985 3764 89.

419 3803 446 3866 2)
467 3802 483 3855 l.
503 3801 521 3854 l.
541 3816 603 3869 pag.
625 3803 666 3854 tl.

418 3891 447 3961 3)
467 3891 507 3944 uf.
526 3889 643 3945 ciusdem
664 3890 680 3942 l.
700 3890 717 3942 l.
737 3906 798 3959 pag.
821 3892 897 3945 1215.

418 3984 446 4050 A)
466 3981 482 4034 l.
503 3981 519 4034 l.
539 3997 603 4048 pag.
622 3980 666 4034 40.

420 4073 447 4134 5)
466 4070 483 4123 1.
504 4070 519 4123 l.
540 4085 603 4137 pag.
626 4071 666 4122 17.
687 4085 742 4137 sqq.

419 4161 446 4223 6)
466 4157 631 4226 Nieberding
652 4173 756 4227 quoque
776 4159 791 4211 l.
807 4157 824 4212 l.
842 4175 902 4227 pag.
919 4163 944 4214 3.
982 4158 1123 4213 Colchides
1143 4157 1280 4224 Sophoclis
1306 4156 1340 4209 ad
1365 4157 1488 4208 nostram

313 4248 430 4302 fabulam
451 4247 541 4315 refert,
561 4255 704 4315 praeterea
723 4247 858 4317 Euripidis
879 4249 1007 4303 Medeam.

420 4342 447 4402 7)
466 4338 484 4392 l.
504 4337 522 4390 l.
541 4353 604 4406 pag.
624 4337 677 4392 tas
697 4353 753 4408 sqq.

419 4431 445 4494 8)
465 4426 564 4483 Eadem
585 4427 708 4499 opinione
726 4433 768 4481 est
787 4427 892 4485 Teuffel
911 4427 928 4481 l.
948 4427 966 4482 l.
986 4443 1048 4502 pag.
1068 4427 1110 4483 24.
