3208 5080
609 367 827 438 ⁴..2'1..

132 567 216 635 nnde
252 579 367 650 poetas
393 571 558 636 Romanos
591 572 809 650 simplicitate
836 571 1039 636 Graecorum
1071 567 1194 637 relicta
1219 587 1304 637 com-

132 680 332 756 positionem
364 679 553 742 uberiorem
586 688 620 743 et
651 678 910 756 splendidiorem
941 680 1132 744 instituisse
1165 700 1304 757 cognos-

133 788 237 850 cimus
250 787 284 866 ¹),
325 787 388 849 iam
430 785 657 868 concedemus,
699 786 809 867 credo,
853 786 1015 851 Naevium
1056 788 1232 865 Sophoclis
1272 796 1306 853 et

131 893 306 972 Euripidis
330 893 525 970 tragoedias
549 894 584 956 in
609 912 704 957 unam
731 894 940 962 contraxisse
964 893 1084 959 videri.

236 1020 265 1081 A
290 1018 387 1082 Livio
423 1026 540 1082 contra
569 1019 638 1083 tale
663 1019 741 1098 quid
766 1018 1018 1083 abiudicandum
1049 1037 1122 1084 esse
1147 1038 1206 1084 suo
1232 1022 1305 1084 loco

132 1127 329 1190 monuimus.
377 1125 615 1204 Fragmentum
652 1134 762 1190 autem
799 1145 839 1189 ex
875 1127 947 1190 eius
982 1127 1079 1205 Equo
1116 1129 1306 1192 Troianoa

131 1233 238 1296 Nonio
265 1229 416 1317 (475‚10)
439 1233 620 1297 traditum:

455 1410 516 1490 „da
540 1410 621 1474 mihi
646 1411 746 1474 hasce
772 1428 862 1491 opes,

453 1537 534 1596 quas
558 1522 647 1599 peto,
673 1536 753 1596 quas
779 1536 917 1595 precor:

452 1626 600 1706 porrige,
627 1624 795 1703 opitula!“

130 1823 150 1868 a
186 1804 453 1874 Ribbeckio2l
495 1804 644 1868 refertur
687 1804 726 1868 ad
764 1803 992 1884 Cassandram,
1032 1823 1116 1883 quae
1156 1806 1312 1884 Apollini

130 1912 310 1991 supplicet,
342 1919 379 1975 ut
412 1911 476 1974 sibi
502 1910 696 1975 facultatem
722 1910 778 1974 det
801 1911 965 1975 Troianos
990 1930 1107 1990 equum
1132 1913 1167 1975 in
1191 1913 1306 1976 urbem

130 2018 268 2082 trahere
300 2019 477 2082 molientes
511 2019 552 2080 ab
586 2019 648 2082 hoc
679 2016 811 2081 funesto
838 2018 979 2081 consilio
1004 2019 1175 2083 avocandi.
1225 2019 1307 2101 Quis

130 2133 242 2189 autem
275 2133 337 2206 est,
372 2126 428 2203 qui
460 2133 561 2202 neget
589 2125 731 2202 exempli
757 2144 857 2189 cansa
881 2127 982 2189 etiam
1007 2126 1134 2204 Elpeum
1159 2128 1208 2191 sic
1232 2146 1306 2204 pre·

132 2233 203 2296 cari
228 2233 390 2312 potuisse,
419 2233 611 2310 priusquam
636 2231 676 2295 ad
701 2250 819 2311 equum
845 2233 1081 2297 exstruendum
1105 2233 1307 2312 aggredere·

130 2348 198 2419 tur,
223 2340 277 2404 vel
303 2341 581 2419 Agamemnonem
606 2339 778 2403 Minervae
808 2340 967 2402 auxilium
993 2340 1239 2422 implorantem
1270 2348 1308 2404 ut

131 2447 235 2510 Troia
258 2445 391 2510 tandem
416 2444 594 2524 aliquando
619 2446 827 2526 potiretur),
852 2447 906 2511 vel
924 2446 1079 2510 Sinonem
1104 2446 1306 2524 praesidium

131 2573 151 2616 a
176 2553 308 2617 Priamo
334 2550 559 2636 petentem⁴)?

239 2679 439 2756 Ambiguum
473 2679 581 2756 igitur
613 2685 665 2742 est
695 2685 804 2741 utrum
830 2679 1005 2755 Sophoclis
1031 2679 1109 2742 Sino
1142 2697 1183 2742 an
1207 2677 1306 2742 Euri·

133 2785 221 2863 pidis
255 2786 366 2862 Epeus
392 2804 411 2849 a
435 2784 533 2848 Livio
567 2783 719 2847 adhibita
749 2785 803 2848 sit.
852 2785 915 2849 Sed
949 2804 1143 2864 quamquam
1178 2793 1305 2849 certum

129 2891 290 2956 iudicium
336 2891 426 2955 ferre
473 2899 636 2970 vetamur,
683 2908 844 2953 memores
888 2900 1023 2955 nostrae
1064 2890 1103 2954 de
1143 2891 1307 2968 Euripide

128 2999 208 3064 Livi
239 3007 376 3063 anctore
408 2999 576 3075 opinionis
608 2997 692 3061 hane
720 2997 927 3075 tragoediam
952 2998 1109 3076 Euripidi
1135 2997 1306 3062 vindicare

128 3105 334 3188 malumusl).

132 3286 342 3293 ——.-.-

159 3444 161 3447 .
240 3390 266 3455 l)
286 3391 319 3442 ci.
347 3387 438 3457 Bergk
466 3388 593 3455 (,.Kleine
621 3385 814 3455 philologisehe
842 3385 1003 3440 Schriften“.
1050 3387 1111 3441 Hal.
1140 3387 1247 3455 lasese.
1284 3387 1308 3452 Ι,

130 3495 193 3548 nas·
213 3480 266 3533 22⁶
285 3479 336 3545 so.)

236 3585 301 3650 211.
321 3586 339 3641 l.
358 3601 421 3656 pag.
442 3587 484 3639 27.

238 3694 267 3756 3)
287 3693 344 3747 Hoc
363 3692 465 3763 placuit
484 3693 515 3747 L.
535 3692 666 3746 Muellero
685 3691 703 3746 1.
723 3692 740 3745 l.
759 3707 823 3760 pag,
843 3691 886 3746 41.

235 3805 264 3865 4)
284 3801 326 3854 Sic
354 3801 533 3854 Klussmann:
553 3799 630 3867 (‚,Gn.
656 3799 750 3852 Naevii
779 3801 874 3867 poetae
902 3798 1015 3852 Romani
1043 3797 1129 3851 vitam
1155 3797 1307 3867 descripsit,

130 3891 277 3944 carminum
308 3889 436 3957 reliquias
463 3889 584 3958 collegit,
616 3889 705 3958 poesia
737 3889 870 3942 rationem
902 3887 1052 3958 expoenit“.
1110 3887 1195 3942 Jeuae
1228 3888 1305 3955 1843,

130 3995 191 4050 pag.
213 3979 284 4045 103).

235 4086 383 4150 5111111111
410 4087 438 4140 in
466 4085 625 4154 „Melanges
654 4085 770 4139 Granx“.
815 4084 878 4138 Par.
899 4085 976 4154 1884,
996 4099 1057 4153 pag.
1081 4083 1130 4138 103
1149 4098 1214 4152 sqq„
1236 4090 1308 4151 post·

130 4191 209 4243 quam
238 4177 457 4230 commemoravit
485 4174 633 4229 Ribbeckio
662 4173 706 4243 (ci.
733 4175 749 4229 1.
770 4175 787 4228 l.
806 4189 869 4242 pag.
896 4175 930 4228 26
959 4175 1027 4240 sqq.)
1056 4174 1141 4227 videri
1171 4173 1308 4242 Sophoclis

131 4264 255 4320 Sinonem
282 4281 298 4318 a
317 4264 394 4317 Livio
414 4263 565 4318 adhibitum
584 4279 643 4318 esse
677 4263 782 4318 Livium
801 4262 960 4317 recentioris
979 4262 1117 4316 cuiusdam
1136 4263 1241 4332 poetae,
1261 4263 1306 4329 qui

131 4353 262 4424 Sophocle
280 4367 345 4408 iisne
365 4359 442 4423 esset,
463 4352 572 4410 fabulae
591 4369 620 4408 se
639 4352 792 4408 adiunxisse
812 4351 960 4408 contendit.
