3208 5080
593 431 812 489 ,57-

113 624 142 686 si
168 629 399 702 conectuntur,
425 639 509 700 quae
526 621 653 685 tradita
671 629 749 685 sunt
766 622 805 686 de
823 623 998 702 utriusque
1015 632 1135 701 poetae
1154 632 1287 704 tragoe-

114 727 189 809 diis,
225 748 291 792 non
327 730 416 792 inter
452 747 487 792 se
523 737 722 809 repugnant,
759 729 817 793 sed
848 730 957 794 altera
980 731 1157 809 tragoedia
1181 732 1289 795 altera

114 836 311 915 completur,
348 843 385 898 ut
421 842 608 913 opportuno
645 834 785 912 quodam
823 853 901 899 casu
926 855 945 899 a
968 837 1117 900 Romano
1149 845 1287 901 auctore

116 940 229 1005 doceri
253 940 435 1020 videamur,
469 939 548 1018 quid
578 941 672 1018 prior
696 941 872 1020 Sophoclei
898 942 1057 1007 dramatis
1081 959 1158 1022 pars
1183 945 1288 1009 conti-

114 1048 238 1112 nuerit.
285 1048 382 1111 Accii
406 1047 587 1125 fragmenti
611 1047 748 1111 secundi
772 1049 890 1112 verba:

114 1173 276 1234 „namque
302 1155 365 1218 huc
390 1172 439 1217 em
465 1155 575 1234 venio,
599 1162 637 1218 ut
660 1172 733 1218 mea
758 1173 820 1232 ope
845 1174 925 1233 opes
949 1157 1071 1220 Troiae
1097 1157 1283 1237 integrem“

112 1261 276 1339 principis
294 1260 465 1324 cuiusdam
482 1278 555 1324 esse
574 1261 785 1338 perspicuum
810 1270 872 1342 est,
898 1263 955 1340 qui
979 1263 1135 1327 Troianis
1159 1264 1286 1327 auxilio

111 1368 214 1432 venit.
262 1368 331 1431 lam
364 1367 393 1430 si
424 1367 623 1444 respicimus
648 1367 824 1432 Strabonis
859 1368 968 1432 locum
1001 1388 1102 1447 supra
1134 1372 1283 1452 citatum,

113 1494 179 1538 non
204 1473 404 1554 dubitamus,
430 1475 509 1551 quin
532 1474 748 1554 attribuenda
772 1477 841 1540 siut
864 1477 1069 1540 Henetorum
1095 1477 1181 1542 duci.

217 1599 336 1665 Eidem
361 1601 549 1678 impertiam
575 1598 617 1664 fr.
643 1601 683 1663 V.

218 1726 339 1789 Paucis
382 1725 489 1804 igitur
532 1733 568 1788 ut
610 1726 792 1805 explicem,
837 1725 915 1803 quid
963 1726 1137 1806 Sophoclis
1174 1727 1288 1792 drama

112 1833 319 1911 complexum
344 1833 399 1912 sit,
425 1832 523 1896 initio
552 1833 674 1896 Heneti
699 1833 832 1896 Troiam
864 1833 991 1896 auxilio
1026 1833 1208 1898 adveniunt
1232 1831 1287 1916 (cf.

113 1941 209 2003 Accii
245 1939 434 2018 fragmenta
469 1937 628 2022 laudata),
665 1957 771 2017 neque
808 1957 888 2003 vero
925 1941 1090 2004 tunestum
1127 1943 1286 2005 interitus

113 2047 200 2110 diem
230 2064 403 2112 removere
428 2055 576 2124 possunt.
624 2047 711 2112 Urbs
737 2055 958 2127 expugnatur,
985 2049 1134 2111 Antenor
1161 2050 1285 2112 Achae·

112 2172 206 2217 orum
224 2154 461 2218 benevolentia
478 2162 632 2219 servatus
658 2173 729 2218 cum
747 2155 817 2218 suis
843 2162 877 2219 et
900 2155 1105 2219 Henetorum
1129 2156 1284 2234 reliquiis

112 2263 259 2342 emigrat
284 2259 340 2343 (cl.
366 2261 588 2339 Sophoclem).

432 2596 612 2684 Astyanax,
635 2595 797 2680 Troades,
823 2596 965 2665 Hecuba.

218 2762 383 2827 Troadum
416 2763 537 2828 titulus
563 2763 764 2840 comparatis
788 2761 962 2839 Euripidis
987 2761 1174 2826 Troadibus
1199 2763 1287 2825 veri·

111 2870 318 2934 simillimum
360 2887 433 2933 esse
479 2869 577 2934 docet
627 2868 761 2932 fabulae
806 2887 924 2932 nomen
967 2868 1082 2932 deberi
1124 2867 1288 2933 Troadum

111 2985 286 3055 captarum
334 2978 446 3041 choro.
520 2978 580 3042 Cui
627 2977 720 3040 locus
768 2983 843 3039 erat
888 2977 998 3040 tribus
1043 2985 1120 3053 post
1166 2975 1288 3039 Troiae

111 3086 394 3164 expugnationem
418 3087 643 3165 temporibus:
669 3085 810 3163 primum
835 3101 906 3146 cum
933 3086 1105 3162 Astyanax
1130 3082 1169 3146 de
1194 3101 1287 3146 muro

111 3192 368 3276 detruderetur,
411 3193 529 3258 deinde
562 3214 633 3258 cum
671 3194 843 3274 Polyxena
874 3191 1114 3270 immolaretur,
1147 3190 1288 3269 denique
1358 3219 1360 3224 ·

111 3318 187 3364 cum
216 3299 354 3362 Hecuba
387 3318 458 3362 cum
491 3300 723 3379 Polymestore
749 3299 1022 3378 congrederetur.
1070 3298 1287 3378 Astyanactis

111 3415 224 3471 autom
253 3413 392 3469 mortem
418 3408 642 3486 Astyanacte,
676 3413 942 3484 quaerebatur,
971 3405 1084 3469 fabula
1107 3412 1286 3469 tractatam

112 3531 188 3578 esse
214 3514 340 3577 clarum
365 3520 427 3592 est,
453 3512 492 3576 de
516 3513 653 3577 Hecuba
677 3521 711 3577 et
734 3513 966 3592 Polymestore
990 3512 1047 3577 vix
1072 3510 1286 3576 dubitandum

112 3629 176 3700 est,
202 3621 280 3699 quin
305 3627 414 3685 actum
439 3621 485 3684 sit
510 3620 544 3682 in
568 3620 706 3684 Hecuba
729 3620 916 3699 tragoedia.
964 3619 1084 3683 Restat
1108 3620 1225 3701 igitur,
1251 3629 1288 3685 ut

112 3728 300 3792 Troadibus
334 3730 536 3810 Polyxenam
576 3729 796 3793 sacrificatam
830 3729 1053 3793 attribuamus
1085 3726 1166 3810 (nisi
1198 3726 1286 3791 forte

114 3837 254 3900 Hecuba
285 3846 320 3900 et
343 3836 492 3900 Troades
517 3836 580 3900 duo
612 3835 758 3900 eiusdem
783 3835 916 3899 fabulae
940 3836 1034 3901 tituli
1059 3842 1165 3916 erant,
1191 3853 1287 3913 quam

115 3944 338 4020 suspicionem
355 3944 540 4008 Ribbeck
553 3946 573 4020 ¹)
598 3943 765 4021 repellere
783 3941 947 4023 conatur).
995 3943 1067 4006 Hoc
1092 3942 1286 4006 confirmare

115 4050 250 4116 videtur
280 4050 322 4115 fr.
347 4051 403 4131 ll.,
437 4051 524 4130 quod
557 4070 688 4116 sensum
713 4052 853 4130 praebet
883 4049 1088 4114 simillimum
1113 4047 1286 4126 Talthybii

116 4160 229 4225 verbis
247 4159 332 4237 apud
350 4160 507 4224 Senecam
532 4160 571 4224 de
589 4160 734 4225 Achillis
759 4159 875 4222 umbra
890 4158 1094 4238 Polyxenam
1112 4161 1286 4233 repetente

224 4424 485 4493 mlmffla
