3208 5080
613 411 831 474 ἐἰ.]5--.-

136 607 348 687 praestiterit
384 623 486 671 necne
524 601 609 671 haud
646 601 716 670 scio
751 622 792 670 an
828 600 975 669 dubitari
1012 599 1130 685 possit,
1163 607 1309 668 attamen

137 714 362 794 compluribus
387 712 487 778 rebus
512 712 747 779 adiuvantibus
773 709 922 776 ellectum
950 719 1011 792 est,
1037 719 1073 775 ut
1097 709 1198 775 facile
1219 705 1310 774 lell

137 820 308 888 incondita
344 837 446 900 opera
482 828 667 898 superaret.
715 817 863 885 Primum
900 817 986 882 enim
1022 833 1087 881 non
1123 821 1239 881 extera
1269 809 1309 878 de

136 939 236 1012 gente
262 928 422 992 oriundus
459 935 542 1008 erat,
579 923 636 991 sed
665 924 801 1007 Latina,
834 933 871 990 ut
903 922 1039 1004 linguae
1065 918 1310 1001 impedimentis

136 1057 201 1102 non
227 1041 447 1116 premeretur,
473 1031 591 1098 deinde
616 1050 681 1098 uon
707 1021 821 1111 inopia
846 1041 881 1096 et
899 1032 1034 1111 egentia
1050 1031 1143 1096 vitae
1161 1025 1310 1093 dramata

138 1161 335 1222 componere
373 1143 566 1222 cogebatur,
604 1138 662 1205 sed
699 1141 854 1221 ingenio,
896 1149 965 1202 tum
1008 1155 1073 1202 non
1108 1136 1235 1215 primns
1269 1130 1310 1198 ed

136 1249 344 1330 tragoediam
392 1247 573 1312 Romanam
621 1245 844 1311 excutiendam
892 1261 1074 1325 aggressus
1128 1249 1199 1316 est,
1253 1238 1310 1305 sed

137 1358 283 1435 invenit,
319 1373 413 1435 quem
456 1351 650 1418 imitandum
687 1353 742 1418 uel
779 1350 1013 1431 corrigendum
1050 1349 1116 1414 sibi
1152 1355 1310 1414 sumeret.

137 1464 228 1545 Quae
254 1480 326 1526 cum
352 1463 399 1526 ita
424 1461 501 1542 siut,
527 1460 645 1523 mirum
670 1478 733 1523 uon
759 1467 821 1539 cst,
840 1456 1087 1537 quodRomana
1104 1471 1159 1520 ars
1176 1455 1311 1534 poetica

136 1570 262 1634 Naevio
296 1565 378 1631 duce
414 1567 587 1646 egregium
621 1567 655 1629 in
679 1564 808 1630 modum
834 1573 932 1629 aucta
963 1573 996 1629 et
1020 1561 1223 1641 amplificata
1247 1572 1308 1627 est.

138 1677 252 1755 Neque
270 1674 389 1738 desunt
403 1681 496 1737 certa
509 1673 712 1753 testimonia,
727 1673 846 1750 quibus
860 1669 938 1750 quid
951 1671 1129 1736 novaverit
1146 1667 1310 1734 docemur.

139 1783 345 1847 Graecorum
371 1782 457 1844 enim
483 1781 645 1858 exemplis
669 1781 802 1843 relictis
827 1797 886 1842 suo
912 1780 1018 1857 ipsius
1043 1778 1179 1858 ingenio
1204 1777 1312 1840 fretus

138 1907 241 1953 novas
268 1887 425 1965 quasdam
450 1907 505 1952 res
529 1906 705 1966 numquam
730 1895 828 1951 antea
852 1893 1018 1951 tractatas
1036 1886 1105 1950 suis
1123 1900 1311 1963 proponere

138 2014 239 2059 ausus
265 2002 327 2075 est,
353 2013 424 2058 cum
450 1994 573 2058 fabulis
598 1995 820 2072 praetentatis
845 2001 945 2071 atque
975 1994 1069 2070 epico
1103 1993 1248 2056 carmine
1279 1996 1313 2054 et

137 2103 306 2166 Romanae
336 2103 448 2179 gentis
479 2109 648 2166 auctorem
679 2108 714 2164 et
743 2118 877 2164 suorum
910 2109 1093 2177 temporum
1118 2118 1174 2162 res
1198 2109 1313 2177 gestas

139 2206 294 2271 laudibus
320 2209 514 2272 cumularet.
554 2209 661 2271 Porro
687 2208 794 2271 ineis
820 2208 988 2286 operibus
1015 2208 1135 2286 quiens
1152 2224 1202 2285 ea,
1228 2223 1312 2284 qliae

138 2315 224 2393 apud
265 2315 413 2380 Graecos
450 2316 636 2396 invenerat,
676 2315 781 2378 latine
816 2313 989 2394 reddebat,
1028 2312 1133 2377 multo
1171 2313 1312 2376 liberius

139 2441 245 2500 neque
282 2423 487 2487 Graecorum
525 2423 750 2500 exemplorum
789 2422 970 2485 imitationi
995 2421 1130 2485 nimium
1160 2420 1312 2483 serviens

140 2525 276 2612 cgit¹).'
305 2529 406 2593 Cuius
436 2529 486 2592 rei
516 2530 710 2593 testimonia
740 2546 935 2606 quamquam
963 2527 1092 2591 nonde
1125 2526 1312 2606 tragoediis

140 2636 213 2699 eius
238 2643 364 2716 extant,
389 2643 499 2699 temen
524 2637 695 2714 complura
719 2644 811 2700 serta
835 2643 912 2700 sunt
937 2635 975 2698 dc
1007 2636 1080 2699 eius
1114 2633 1311 2697 comoediis:

244 2741 296 2806 Ex
335 2742 485 2805 Terentii
525 2743 611 2805 enim
651 2743 736 2820 prol.
777 2741 880 2806 Andr.
922 2759 974 2807 vv.
1011 2746 1133 2820 ltsqq.
1173 2748 1314 2819 apparet

140 2850 301 2915 Naevium
326 2849 583 2926 saepinsninis
608 2849 712 2912 exilia
736 2867 809 2912 esse
833 2856 942 2912 ratum
983 2855 1181 2925 argumenta
1207 2847 1311 2911 Grae-

140 2974 252 3019 carum
292 2956 479 3020 fabularum
515 2973 643 3035 earum,
685 2974 767 3034 quas
808 2955 912 3018 latine
952 2954 1093 3017 reddere
1133 2955 1167 3017 in
1202 2954 1310 3016 animo

140 3064 293 3143 habebat,
330 3061 501 3140 complura
537 3063 586 3126 ita
621 3063 710 3127 inter
735 3080 770 3126 se
801 3062 1024 3142 contexuisse,
1059 3069 1096 3126 ut
1121 3079 1218 3124 unum
1243 3059 1314 3123 effi-

140 3177 284 3242 ceretur,
310 3188 350 3232 cx
376 3168 480 3234 Gellii
504 3177 614 3233 autern
639 3169 735 3234 Noct.
761 3172 832 3234 Att.
850 3169 912 3250 ill,
939 3174 969 3248 3,
989 3174 1028 3232 15
1056 3188 1128 3232 eum
1155 3169 1312 3246 antiquae

139 3277 356 3340 Atheniensis
381 3275 572 3340 comoediae
597 3295 688 3340 more
706 3294 839 3340 suorum
857 3285 1042 3354 temporum
1061 3276 1147 3340 vitia
1164 3283 1198 3339 et
1221 3275 1314 3339 viros

138 3382 387 3446 illustrissimos
412 3384 598 3461 castigasse
624 3384 788 3470 certiores
812 3383 916 3446 limus

245 3490 390 3554 Stultum
425 3491 534 3569 igitur
565 3491 611 3555 sit
644 3510 709 3554 non
740 3489 875 3554 eandem
909 3490 939 3552 ei
965 3490 1116 3553 tribuere
1142 3490 1312 3553 licentiam

139 3598 173 3660 in
197 3597 383 3676 tragoediis
409 3597 654 3678 componendis,
680 3598 901 3662 etiamsinon
927 3593 1041 3660 eodem
1068 3596 1180 3660 studio
1199 3597 1232 3659 in
1250 3597 1313 3659 hoc

137 3704 323 3768 l'abularum
371 3722 495 3783 genere
541 3713 697 3769 uersatus
737 3722 810 3768 esse
850 3703 985 3768 videtur
1024 3711 1124 3781 atque
1168 3703 1201 3766 in
1242 3704 1313 3770 illo.

136 3810 389 3875 Comoediarum
414 3813 512 3891 enirn,
538 3830 620 3889 quas
638 3813 787 3890 scripsit,
812 3811 931 3874 titulos
948 3811 1100 3875 novimus
1118 3811 1194 3887 plus
1218 3828 1312 3887 quam

137 3918 291 3998 triginta,
328 3918 580 3997 tragoediarum
615 3937 679 3982 uon
715 3919 857 3996 amplius
894 3937 990 3996 quam
1026 3921 1163 3995 septem.
1222 3915 1313 3996 (lirae

135 4042 231 4104 quem
257 4023 427 4088 Graecum
452 4032 623 4089 auctorem
648 4025 843 4105 habuerint,
868 4025 895 4088 si
928 4025 1133 4103 quaerimus
1170 4041 1234 4085 non
1259 4023 1314 4085 ab·

139 4131 303 4196 nuendum
330 4131 464 4196 videtur
481 4133 672 4212 Lycurgum
697 4131 833 4195 fluxisse
859 4150 899 4194 ex
913 4130 1093 4212 Aeschylo,
1119 4148 1313 4209 quamquem

143 4255 250 4262 —-.-—-
266 4255 297 4259 --
305 4255 354 4260 --.

245 4309 272 4368 l)
292 4305 421 4362 Similiter
446 4306 548 4361 iudicat
574 4307 606 4360 G.
631 4307 716 4373 Regel
750 4307 887 4373 (,.diversa
915 4307 1033 4360 virorum
1065 4307 1202 4360 doctorum
1229 4305 1262 4360 dc
1288 4321 1316 4360 rc

135 4396 241 4464 tragica
259 4397 380 4450 Romana
399 4397 499 4450 iudicia
518 4396 567 4450 sub
587 4412 700 4451 examen
720 4397 844 4450 vocata.“
865 4397 938 4450 Gott.
963 4397 1037 4465 1834,
1057 4411 1119 4466 pag.
1139 4397 1193 4460 40).
