<?xml version="1.0" encoding="UTF-8"?>
<!DOCTYPE html PUBLIC "-//W3C//DTD XHTML 1.0 Transitional//EN"
    "http://www.w3.org/TR/xhtml1/DTD/xhtml1-transitional.dtd">
<html xmlns="http://www.w3.org/1999/xhtml" xml:lang="en" lang="en">
 <head>
  <title>
</title>
<meta http-equiv="Content-Type" content="text/html;charset=utf-8" />
  <meta name='ocr-system' content='tesseract 3.04.00' />
  <meta name='ocr-capabilities' content='ocr_page ocr_carea ocr_par ocr_line ocrx_word'/>
</head>
<body>
  <div class='ocr_page' id='page_1' title='image "./desophoclearoma00gensgoog_0056.png"; bbox 0 0 3208 5080; ppageno 0'>
   <div class='ocr_carea' id='block_1_1' title="bbox 606 408 825 475">
    <p class='ocr_par' dir='ltr' id='par_1_1' title="bbox 606 408 825 475">
     <span class='ocr_line' id='line_1_1' title="bbox 606 408 825 475; baseline 0.009 -23"><span class='ocrx_word' id='word_1_1' title='bbox 606 408 825 475; x_wconf 73' lang='grc'>..53-</span> 
     </span>
    </p>
   </div>
   <div class='ocr_carea' id='block_1_2' title="bbox 124 603 1299 1006">
    <p class='ocr_par' dir='ltr' id='par_1_2' title="bbox 124 603 1299 1006">
     <span class='ocr_line' id='line_1_2' title="bbox 125 603 1296 683; baseline 0.001 -15"><span class='ocrx_word' id='word_1_2' title='bbox 125 603 319 683; x_wconf 86' lang='lat' dir='ltr'><strong>saepissime</strong></span> <span class='ocrx_word' id='word_1_3' title='bbox 343 604 484 669; x_wconf 90' lang='lat' dir='ltr'><strong>tractati</strong></span> <span class='ocrx_word' id='word_1_4' title='bbox 509 612 680 669; x_wconf 79' lang='lat' dir='ltr'>auctorem</span> <span class='ocrx_word' id='word_1_5' title='bbox 705 605 890 671; x_wconf 89' lang='lat' dir='ltr'><strong>adhibitum</strong></span> <span class='ocrx_word' id='word_1_6' title='bbox 915 624 989 670; x_wconf 84' lang='lat' dir='ltr'><strong>osse</strong></span> <span class='ocrx_word' id='word_1_7' title='bbox 1006 605 1217 670; x_wconf 90' lang='lat' dir='ltr'><strong>statuendum</strong></span> <span class='ocrx_word' id='word_1_8' title='bbox 1235 609 1296 671; x_wconf 89' lang='lat' dir='ltr'><strong>est.</strong></span> 
     </span>
     <span class='ocr_line' id='line_1_3' title="bbox 124 710 1299 793; baseline 0.003 -19"><span class='ocrx_word' id='word_1_9' title='bbox 124 711 316 776; x_wconf 76' lang='lat' dir='ltr'><strong>Philocteta</strong></span> <span class='ocrx_word' id='word_1_10' title='bbox 351 720 461 776; x_wconf 88' lang='lat' dir='ltr'><strong>autem</strong></span> <span class='ocrx_word' id='word_1_11' title='bbox 498 710 538 774; x_wconf 91' lang='lat' dir='ltr'><strong>de</strong></span> <span class='ocrx_word' id='word_1_12' title='bbox 562 712 696 777; x_wconf 82' lang='lat' dir='ltr'><strong>Achille</strong></span> <span class='ocrx_word' id='word_1_13' title='bbox 730 713 867 792; x_wconf 74' lang='lat' dir='ltr'><strong>citusque</strong></span> <span class='ocrx_word' id='word_1_14' title='bbox 900 713 1003 777; x_wconf 86' lang='lat' dir='ltr'><strong>armis</strong></span> <span class='ocrx_word' id='word_1_15' title='bbox 1027 714 1200 793; x_wconf 84' lang='lat' dir='ltr'><strong>inquirens</strong></span> <span class='ocrx_word' id='word_1_16' title='bbox 1223 732 1299 778; x_wconf 95' lang='lat' dir='ltr'><strong>num</strong></span> 
     </span>
     <span class='ocr_line' id='line_1_4' title="bbox 124 818 1299 904; baseline 0.002 -22"><span class='ocrx_word' id='word_1_17' title='bbox 124 819 295 896; x_wconf 74' lang='lat' dir='ltr'>pertineat</span> <span class='ocrx_word' id='word_1_18' title='bbox 318 819 360 883; x_wconf 88' lang='lat' dir='ltr'><strong>ad</strong></span> <span class='ocrx_word' id='word_1_19' title='bbox 384 819 560 897; x_wconf 83' lang='lat' dir='ltr'><strong>Sophoclis</strong></span> <span class='ocrx_word' id='word_1_20' title='bbox 584 837 703 884; x_wconf 87' lang='lat' dir='ltr'><strong>versus</strong></span> <span class='ocrx_word' id='word_1_21' title='bbox 733 825 796 884; x_wconf 79' lang='lat'><strong>332</strong></span> <span class='ocrx_word' id='word_1_22' title='bbox 822 839 892 900; x_wconf 88' lang='lat' dir='ltr'>sqq.</span> <span class='ocrx_word' id='word_1_23' title='bbox 919 822 991 899; x_wconf 89' lang='lat' dir='ltr'><strong>ipse</strong></span> <span class='ocrx_word' id='word_1_24' title='bbox 1015 818 1234 904; x_wconf 88' lang='lat' dir='ltr'><strong>Ribbeck¹)</strong></span> <span class='ocrx_word' id='word_1_25' title='bbox 1266 821 1299 884; x_wconf 90' lang='lat' dir='ltr'><strong>in</strong></span> 
     </span>
     <span class='ocr_line' id='line_1_5' title="bbox 124 924 1217 1006; baseline 0.004 -18"><span class='ocrx_word' id='word_1_26' title='bbox 124 924 224 988; x_wconf 91' lang='lat' dir='ltr'><strong>duhio</strong></span> <span class='ocrx_word' id='word_1_27' title='bbox 249 927 421 1005; x_wconf 89' lang='lat' dir='ltr'><strong>relinquit.</strong></span> <span class='ocrx_word' id='word_1_28' title='bbox 469 926 561 990; x_wconf 94' lang='lat' dir='ltr'><strong>Nihil</strong></span> <span class='ocrx_word' id='word_1_29' title='bbox 586 927 694 1005; x_wconf 82' lang='lat' dir='ltr'><strong>igitur</strong></span> <span class='ocrx_word' id='word_1_30' title='bbox 718 926 757 991; x_wconf 92' lang='lat' dir='ltr'><strong>de</strong></span> <span class='ocrx_word' id='word_1_31' title='bbox 782 928 946 1006; x_wconf 81' lang='lat' dir='ltr'><strong>Sophocle</strong></span> <span class='ocrx_word' id='word_1_32' title='bbox 971 927 1217 994; x_wconf 84' lang='lat' dir='ltr'><strong>affirmaverim.</strong></span> 
     </span>
    </p>
   </div>
   <div class='ocr_carea' id='block_1_3' title="bbox 591 1245 836 1332">
    <p class='ocr_par' dir='ltr' id='par_1_3' title="bbox 591 1245 836 1332">
     <span class='ocr_line' id='line_1_6' title="bbox 591 1245 836 1332; baseline 0.004 -19"><span class='ocrx_word' id='word_1_33' title='bbox 591 1245 836 1332; x_wconf 79' lang='lat' dir='ltr'><strong>llaoplolamua.</strong></span> 
     </span>
    </p>
   </div>
   <div class='ocr_carea' id='block_1_4' title="bbox 123 1409 1307 3522">
    <p class='ocr_par' dir='ltr' id='par_1_4' title="bbox 127 1409 1302 1595">
     <span class='ocr_line' id='line_1_7' title="bbox 233 1409 1302 1492; baseline 0.002 -17"><span class='ocrx_word' id='word_1_34' title='bbox 233 1410 434 1475; x_wconf 83' lang='lat' dir='ltr'><strong>Continchat</strong></span> <span class='ocrx_word' id='word_1_35' title='bbox 458 1410 540 1474; x_wconf 88' lang='lat' dir='ltr'><strong>haec</strong></span> <span class='ocrx_word' id='word_1_36' title='bbox 568 1409 682 1474; x_wconf 85' lang='lat' dir='ltr'><strong>fabula</strong></span> <span class='ocrx_word' id='word_1_37' title='bbox 705 1411 957 1488; x_wconf 77' lang='lat' dir='ltr'><strong>Neoptolemum</strong></span> <span class='ocrx_word' id='word_1_38' title='bbox 983 1412 1088 1492; x_wconf 84' lang='lat' dir='ltr'><strong>Scyro</strong></span> <span class='ocrx_word' id='word_1_39' title='bbox 1113 1414 1147 1476; x_wconf 96' lang='lat' dir='ltr'><strong>in</strong></span> <span class='ocrx_word' id='word_1_40' title='bbox 1174 1413 1302 1477; x_wconf 90' lang='lat' dir='ltr'><strong>Achae·</strong></span> 
     </span>
     <span class='ocr_line' id='line_1_8' title="bbox 127 1516 990 1595; baseline 0 -13"><span class='ocrx_word' id='word_1_41' title='bbox 127 1538 220 1583; x_wconf 93' lang='lat' dir='ltr'><strong>orum</strong></span> <span class='ocrx_word' id='word_1_42' title='bbox 247 1526 359 1583; x_wconf 90' lang='lat' dir='ltr'><strong>castra</strong></span> <span class='ocrx_word' id='word_1_43' title='bbox 384 1517 558 1581; x_wconf 92' lang='lat' dir='ltr'><strong>deductum</strong></span> <span class='ocrx_word' id='word_1_44' title='bbox 585 1516 626 1581; x_wconf 90' lang='lat' dir='ltr'><strong>of.</strong></span> <span class='ocrx_word' id='word_1_45' title='bbox 651 1518 831 1595; x_wconf 90' lang='lat' dir='ltr'><strong>praecipue</strong></span> <span class='ocrx_word' id='word_1_46' title='bbox 856 1517 897 1581; x_wconf 81' lang='lat' dir='ltr'><strong>t&#39;r.</strong></span> <span class='ocrx_word' id='word_1_47' title='bbox 922 1517 990 1582; x_wconf 89' lang='lat' dir='ltr'><strong>IX:</strong></span> 
     </span>
    </p>

    <p class='ocr_par' dir='ltr' id='par_1_5' title="bbox 123 1625 1303 2121">
     <span class='ocr_line' id='line_1_9' title="bbox 288 1625 1301 1709; baseline 0.002 -19"><span class='ocrx_word' id='word_1_48' title='bbox 288 1634 344 1704; x_wconf 90' lang='lat' dir='ltr'><strong>„tu</strong></span> <span class='ocrx_word' id='word_1_49' title='bbox 371 1625 420 1689; x_wconf 90' lang='lat' dir='ltr'><strong>uti</strong></span> <span class='ocrx_word' id='word_1_50' title='bbox 446 1625 526 1706; x_wconf 88' lang='lat' dir='ltr'><strong>dixi,</strong></span> <span class='ocrx_word' id='word_1_51' title='bbox 552 1631 659 1688; x_wconf 86' lang='lat' dir='ltr'><strong>macte</strong></span> <span class='ocrx_word' id='word_1_52' title='bbox 677 1625 729 1688; x_wconf 91' lang='lat' dir='ltr'><strong>his</strong></span> <span class='ocrx_word' id='word_1_53' title='bbox 746 1625 858 1705; x_wconf 89' lang='lat' dir='ltr'><strong>armis,</strong></span> <span class='ocrx_word' id='word_1_54' title='bbox 876 1632 984 1689; x_wconf 91' lang='lat' dir='ltr'><strong>macte</strong></span> <span class='ocrx_word' id='word_1_55' title='bbox 1001 1625 1141 1690; x_wconf 89' lang='lat' dir='ltr'><strong>virtutei</strong></span> <span class='ocrx_word' id='word_1_56' title='bbox 1160 1625 1301 1709; x_wconf 86' lang='lat' dir='ltr'><strong>patris“,</strong></span> 
     </span>
     <span class='ocr_line' id='line_1_10' title="bbox 125 1731 1300 1814; baseline 0.001 -16"><span class='ocrx_word' id='word_1_57' title='bbox 125 1734 212 1814; x_wconf 92' lang='lat' dir='ltr'><strong>quod</strong></span> <span class='ocrx_word' id='word_1_58' title='bbox 249 1752 314 1797; x_wconf 92' lang='lat' dir='ltr'><strong>non</strong></span> <span class='ocrx_word' id='word_1_59' title='bbox 349 1732 564 1812; x_wconf 87' lang='lat' dir='ltr'><strong>intellegitur</strong></span> <span class='ocrx_word' id='word_1_60' title='bbox 599 1732 665 1795; x_wconf 91' lang='lat' dir='ltr'><strong>nisi</strong></span> <span class='ocrx_word' id='word_1_61' title='bbox 699 1731 738 1795; x_wconf 93' lang='lat' dir='ltr'><strong>de</strong></span> <span class='ocrx_word' id='word_1_62' title='bbox 763 1733 865 1795; x_wconf 87' lang='lat' dir='ltr'><strong>armis</strong></span> <span class='ocrx_word' id='word_1_63' title='bbox 889 1732 1034 1796; x_wconf 91' lang='lat' dir='ltr'><strong>Achillis</strong></span> <span class='ocrx_word' id='word_1_64' title='bbox 1059 1731 1128 1796; x_wconf 90' lang='lat' dir='ltr'><strong>filio</strong></span> <span class='ocrx_word' id='word_1_65' title='bbox 1153 1734 1300 1799; x_wconf 77' lang='lat' dir='ltr'><strong>traditis</strong></span> 
     </span>
     <span class='ocr_line' id='line_1_11' title="bbox 124 1838 1300 1923; baseline 0 -17"><span class='ocrx_word' id='word_1_66' title='bbox 124 1841 207 1923; x_wconf 82' lang='lat' dir='ltr'><strong>Quis</strong></span> <span class='ocrx_word' id='word_1_67' title='bbox 232 1840 382 1906; x_wconf 82' lang='lat' dir='ltr'><strong>Graecus</strong></span> <span class='ocrx_word' id='word_1_68' title='bbox 407 1848 507 1917; x_wconf 92' lang='lat' dir='ltr'><strong>poeta</strong></span> <span class='ocrx_word' id='word_1_69' title='bbox 532 1838 617 1902; x_wconf 92' lang='lat' dir='ltr'><strong>idem</strong></span> <span class='ocrx_word' id='word_1_70' title='bbox 643 1847 875 1918; x_wconf 83' lang='lat' dir='ltr'><strong>argumentum</strong></span> <span class='ocrx_word' id='word_1_71' title='bbox 901 1841 1118 1922; x_wconf 85' lang='lat' dir='ltr'><strong>expresserit,</strong></span> <span class='ocrx_word' id='word_1_72' title='bbox 1140 1861 1300 1921; x_wconf 82' lang='lat' dir='ltr'><strong>nusquam</strong></span> 
     </span>
     <span class='ocr_line' id='line_1_12' title="bbox 123 1945 1303 2028; baseline 0.001 -16"><span class='ocrx_word' id='word_1_73' title='bbox 123 1949 282 2028; x_wconf 80' lang='lat' dir='ltr'><strong>legimus,</strong></span> <span class='ocrx_word' id='word_1_74' title='bbox 330 1945 549 2026; x_wconf 86' lang='lat' dir='ltr'><strong>Welcker¹)</strong></span> <span class='ocrx_word' id='word_1_75' title='bbox 573 1964 654 2011; x_wconf 91' lang='lat' dir='ltr'><strong>vero</strong></span> <span class='ocrx_word' id='word_1_76' title='bbox 679 1945 827 2023; x_wconf 89' lang='lat' dir='ltr'><strong>Dolopes</strong></span> <span class='ocrx_word' id='word_1_77' title='bbox 844 1945 1020 2023; x_wconf 85' lang='lat' dir='ltr'><strong>Sophoclis</strong></span> <span class='ocrx_word' id='word_1_78' title='bbox 1044 1948 1230 2013; x_wconf 89' lang='lat' dir='ltr'><strong>nominavit</strong></span> <span class='ocrx_word' id='word_1_79' title='bbox 1254 1949 1303 2013; x_wconf 90' lang='lat' dir='ltr'><strong>sic</strong></span> 
     </span>
     <span class='ocr_line' id='line_1_13' title="bbox 127 2055 739 2121; baseline -0.007 0"><span class='ocrx_word' id='word_1_80' title='bbox 127 2055 366 2121; x_wconf 82' lang='lat' dir='ltr'><strong>ratiocinatus:</strong></span> <span class='ocrx_word' id='word_1_81' title='bbox 736 2057 739 2063; x_wconf 86' lang='lat'>&#39;</span> 
     </span>
    </p>

    <p class='ocr_par' dir='ltr' id='par_1_6' title="bbox 128 2159 1305 2881">
     <span class='ocr_line' id='line_1_14' title="bbox 233 2159 1304 2242; baseline 0 -16"><span class='ocrx_word' id='word_1_82' title='bbox 233 2163 380 2239; x_wconf 88' lang='lat' dir='ltr'><strong>Dolopes</strong></span> <span class='ocrx_word' id='word_1_83' title='bbox 416 2159 594 2238; x_wconf 83' lang='lat' dir='ltr'><strong>tragoedia</strong></span> <span class='ocrx_word' id='word_1_84' title='bbox 617 2178 682 2222; x_wconf 93' lang='lat' dir='ltr'><strong>non</strong></span> <span class='ocrx_word' id='word_1_85' title='bbox 707 2160 790 2224; x_wconf 91' lang='lat' dir='ltr'><strong>alibi</strong></span> <span class='ocrx_word' id='word_1_86' title='bbox 814 2168 914 2239; x_wconf 91' lang='lat' dir='ltr'><strong>atque</strong></span> <span class='ocrx_word' id='word_1_87' title='bbox 939 2161 1047 2242; x_wconf 90' lang='lat' dir='ltr'><strong>Scyri,</strong></span> <span class='ocrx_word' id='word_1_88' title='bbox 1082 2162 1116 2225; x_wconf 94' lang='lat' dir='ltr'><strong>in</strong></span> <span class='ocrx_word' id='word_1_89' title='bbox 1140 2170 1219 2226; x_wconf 92' lang='lat' dir='ltr'><strong>nota</strong></span> <span class='ocrx_word' id='word_1_90' title='bbox 1244 2161 1304 2226; x_wconf 92' lang='lat' dir='ltr'><strong>illa</strong></span> 
     </span>
     <span class='ocr_line' id='line_1_15' title="bbox 129 2266 1304 2348; baseline -0.001 -14"><span class='ocrx_word' id='word_1_91' title='bbox 129 2270 291 2348; x_wconf 92' lang='lat' dir='ltr'><strong>Dolopum</strong></span> <span class='ocrx_word' id='word_1_92' title='bbox 316 2269 438 2348; x_wconf 89' lang='lat' dir='ltr'><strong>patria,</strong></span> <span class='ocrx_word' id='word_1_93' title='bbox 464 2266 576 2330; x_wconf 93' lang='lat' dir='ltr'><strong>induci</strong></span> <span class='ocrx_word' id='word_1_94' title='bbox 601 2275 766 2344; x_wconf 90' lang='lat' dir='ltr'><strong>poterant.</strong></span> <span class='ocrx_word' id='word_1_95' title='bbox 815 2266 940 2346; x_wconf 86' lang='lat' dir='ltr'><strong>Scyrus</strong></span> <span class='ocrx_word' id='word_1_96' title='bbox 964 2276 1073 2331; x_wconf 89' lang='lat' dir='ltr'><strong>autem</strong></span> <span class='ocrx_word' id='word_1_97' title='bbox 1099 2268 1150 2332; x_wconf 90' lang='lat' dir='ltr'><strong>his</strong></span> <span class='ocrx_word' id='word_1_98' title='bbox 1180 2269 1304 2333; x_wconf 89' lang='lat' dir='ltr'><strong>iustum</strong></span> 
     </span>
     <span class='ocr_line' id='line_1_16' title="bbox 131 2373 1303 2454; baseline -0.001 -13"><span class='ocrx_word' id='word_1_99' title='bbox 131 2377 290 2441; x_wconf 88' lang='lat' dir='ltr'><strong>dramatis</strong></span> <span class='ocrx_word' id='word_1_100' title='bbox 314 2377 423 2440; x_wconf 89' lang='lat' dir='ltr'><strong>locum</strong></span> <span class='ocrx_word' id='word_1_101' title='bbox 448 2373 616 2454; x_wconf 89' lang='lat' dir='ltr'><strong>praebuit,</strong></span> <span class='ocrx_word' id='word_1_102' title='bbox 641 2375 783 2452; x_wconf 89' lang='lat' dir='ltr'><strong>primum</strong></span> <span class='ocrx_word' id='word_1_103' title='bbox 809 2392 880 2437; x_wconf 92' lang='lat' dir='ltr'><strong>cum</strong></span> <span class='ocrx_word' id='word_1_104' title='bbox 899 2375 1061 2454; x_wconf 80' lang='lat' dir='ltr'><strong>AchilleS,</strong></span> <span class='ocrx_word' id='word_1_105' title='bbox 1086 2375 1207 2440; x_wconf 87' lang='lat' dir='ltr'><strong>iterum</strong></span> <span class='ocrx_word' id='word_1_106' title='bbox 1231 2394 1303 2440; x_wconf 94' lang='lat' dir='ltr'><strong>cum</strong></span> 
     </span>
     <span class='ocr_line' id='line_1_17' title="bbox 128 2480 1304 2561; baseline -0.001 -14"><span class='ocrx_word' id='word_1_107' title='bbox 128 2484 364 2561; x_wconf 89' lang='lat' dir='ltr'><strong>Neoptolemus</strong></span> <span class='ocrx_word' id='word_1_108' title='bbox 401 2483 442 2545; x_wconf 90' lang='lat' dir='ltr'><strong>ab</strong></span> <span class='ocrx_word' id='word_1_109' title='bbox 478 2480 540 2544; x_wconf 92' lang='lat' dir='ltr'><strong>illa</strong></span> <span class='ocrx_word' id='word_1_110' title='bbox 575 2481 686 2545; x_wconf 93' lang='lat' dir='ltr'><strong>insula</strong></span> <span class='ocrx_word' id='word_1_111' title='bbox 720 2481 754 2544; x_wconf 91' lang='lat' dir='ltr'><strong>in</strong></span> <span class='ocrx_word' id='word_1_112' title='bbox 786 2482 908 2545; x_wconf 93' lang='lat' dir='ltr'><strong>bellum</strong></span> <span class='ocrx_word' id='word_1_113' title='bbox 934 2489 1145 2547; x_wconf 86' lang='lat' dir='ltr'><strong>avocaretur.</strong></span> <span class='ocrx_word' id='word_1_114' title='bbox 1193 2485 1304 2561; x_wconf 86' lang='lat' dir='ltr'><strong>Atque</strong></span> 
     </span>
     <span class='ocr_line' id='line_1_18' title="bbox 130 2584 1304 2669; baseline -0.001 -15"><span class='ocrx_word' id='word_1_115' title='bbox 130 2591 275 2669; x_wconf 89' lang='lat' dir='ltr'><strong>priorem</strong></span> <span class='ocrx_word' id='word_1_116' title='bbox 312 2589 442 2669; x_wconf 86' lang='lat' dir='ltr'><strong>quidem</strong></span> <span class='ocrx_word' id='word_1_117' title='bbox 480 2584 572 2653; x_wconf 90' lang='lat' dir='ltr'><strong>illam</strong></span> <span class='ocrx_word' id='word_1_118' title='bbox 609 2589 648 2653; x_wconf 93' lang='lat' dir='ltr'><strong>de</strong></span> <span class='ocrx_word' id='word_1_119' title='bbox 679 2587 812 2652; x_wconf 82' lang='lat' dir='ltr'><strong>Achille</strong></span> <span class='ocrx_word' id='word_1_120' title='bbox 848 2587 994 2653; x_wconf 85' lang='lat' dir='ltr'><strong>fabulam</strong></span> <span class='ocrx_word' id='word_1_121' title='bbox 1030 2607 1102 2652; x_wconf 91' lang='lat' dir='ltr'><strong>cum</strong></span> <span class='ocrx_word' id='word_1_122' title='bbox 1128 2589 1304 2667; x_wconf 90' lang='lat' dir='ltr'><strong>Sophoclis</strong></span> 
     </span>
     <span class='ocr_line' id='line_1_19' title="bbox 130 2691 1305 2777; baseline 0.002 -18"><span class='ocrx_word' id='word_1_123' title='bbox 130 2692 267 2776; x_wconf 76' lang='grc' dir='ltr'><strong><em>Σκύριαι</em></strong></span> <span class='ocrx_word' id='word_1_124' title='bbox 290 2697 344 2762; x_wconf 91' lang='lat' dir='ltr'><strong>vel</strong></span> <span class='ocrx_word' id='word_1_125' title='bbox 361 2691 496 2777; x_wconf 76' lang='grc' dir='ltr'><strong><em>Σκύριοι</em></strong></span> <span class='ocrx_word' id='word_1_126' title='bbox 512 2697 749 2777; x_wconf 83' lang='lat' dir='ltr'><strong>tractaverint,</strong></span> <span class='ocrx_word' id='word_1_127' title='bbox 774 2696 882 2760; x_wconf 91' lang='lat' dir='ltr'><strong>altera</strong></span> <span class='ocrx_word' id='word_1_128' title='bbox 900 2695 939 2759; x_wconf 91' lang='lat' dir='ltr'><strong>de</strong></span> <span class='ocrx_word' id='word_1_129' title='bbox 956 2696 1174 2774; x_wconf 86' lang='lat' dir='ltr'><strong>Neoptolemo</strong></span> <span class='ocrx_word' id='word_1_130' title='bbox 1192 2695 1305 2761; x_wconf 89' lang='lat' dir='ltr'><strong>fabula</strong></span> 
     </span>
     <span class='ocr_line' id='line_1_20' title="bbox 132 2803 805 2881; baseline -0.003 -13"><span class='ocrx_word' id='word_1_131' title='bbox 132 2803 318 2881; x_wconf 89' lang='lat' dir='ltr'><strong>Dolopibus</strong></span> <span class='ocrx_word' id='word_1_132' title='bbox 343 2803 558 2880; x_wconf 88' lang='lat' dir='ltr'><strong>impertiatur</strong></span> <span class='ocrx_word' id='word_1_133' title='bbox 581 2820 719 2866; x_wconf 87' lang='lat' dir='ltr'><strong>necesse</strong></span> <span class='ocrx_word' id='word_1_134' title='bbox 744 2811 805 2867; x_wconf 84' lang='lat' dir='ltr'><strong>est.</strong></span> 
     </span>
    </p>

    <p class='ocr_par' dir='ltr' id='par_1_7' title="bbox 131 2907 1307 3522">
     <span class='ocr_line' id='line_1_21' title="bbox 239 2907 1306 2988; baseline 0 -16"><span class='ocrx_word' id='word_1_135' title='bbox 239 2910 358 2973; x_wconf 89' lang='lat' dir='ltr'><strong>Mirum</strong></span> <span class='ocrx_word' id='word_1_136' title='bbox 383 2916 494 2973; x_wconf 89' lang='lat' dir='ltr'><strong>autem</strong></span> <span class='ocrx_word' id='word_1_137' title='bbox 520 2908 606 2988; x_wconf 91' lang='lat' dir='ltr'><strong>quod</strong></span> <span class='ocrx_word' id='word_1_138' title='bbox 630 2909 685 2973; x_wconf 88' lang='lat' dir='ltr'><strong>vir</strong></span> <span class='ocrx_word' id='word_1_139' title='bbox 709 2907 923 2974; x_wconf 86' lang='lat' dir='ltr'><strong>doctissimus</strong></span> <span class='ocrx_word' id='word_1_140' title='bbox 954 2908 1202 2973; x_wconf 90' lang='lat' dir='ltr'><strong>fundamentum</strong></span> <span class='ocrx_word' id='word_1_141' title='bbox 1227 2927 1247 2972; x_wconf 89' lang='lat' dir='ltr'><strong>a</strong></span> <span class='ocrx_word' id='word_1_142' title='bbox 1271 2927 1306 2972; x_wconf 88' lang='lat' dir='ltr'><strong>se</strong></span> 
     </span>
     <span class='ocr_line' id='line_1_22' title="bbox 131 3015 1307 3098; baseline -0.002 -18"><span class='ocrx_word' id='word_1_143' title='bbox 131 3018 254 3081; x_wconf 91' lang='lat' dir='ltr'><strong>iactum</strong></span> <span class='ocrx_word' id='word_1_144' title='bbox 291 3017 362 3094; x_wconf 90' lang='lat' dir='ltr'><strong>ipse</strong></span> <span class='ocrx_word' id='word_1_145' title='bbox 399 3015 514 3098; x_wconf 85' lang='lat' dir='ltr'><strong>diruit,</strong></span> <span class='ocrx_word' id='word_1_146' title='bbox 552 3035 623 3081; x_wconf 92' lang='lat' dir='ltr'><strong>cum</strong></span> <span class='ocrx_word' id='word_1_147' title='bbox 648 3016 813 3093; x_wconf 90' lang='lat' dir='ltr'><strong>Dolopum</strong></span> <span class='ocrx_word' id='word_1_148' title='bbox 851 3016 986 3079; x_wconf 89' lang='lat' dir='ltr'><strong>chorum</strong></span> <span class='ocrx_word' id='word_1_149' title='bbox 1022 3034 1087 3079; x_wconf 94' lang='lat' dir='ltr'><strong>non</strong></span> <span class='ocrx_word' id='word_1_150' title='bbox 1112 3033 1153 3079; x_wconf 84' lang='lat' dir='ltr'><strong>ex</strong></span> <span class='ocrx_word' id='word_1_151' title='bbox 1177 3015 1307 3079; x_wconf 89' lang='lat' dir='ltr'><strong>insulae</strong></span> 
     </span>
     <span class='ocr_line' id='line_1_23' title="bbox 132 3119 1306 3206; baseline -0.002 -18"><span class='ocrx_word' id='word_1_152' title='bbox 132 3123 263 3202; x_wconf 91' lang='lat' dir='ltr'><strong>incolis,</strong></span> <span class='ocrx_word' id='word_1_153' title='bbox 300 3121 358 3186; x_wconf 89' lang='lat' dir='ltr'><strong>sed</strong></span> <span class='ocrx_word' id='word_1_154' title='bbox 394 3141 434 3186; x_wconf 90' lang='lat' dir='ltr'><strong>ex</strong></span> <span class='ocrx_word' id='word_1_155' title='bbox 470 3123 609 3189; x_wconf 89' lang='lat' dir='ltr'><strong>advenis</strong></span> <span class='ocrx_word' id='word_1_156' title='bbox 646 3123 840 3188; x_wconf 88' lang='lat' dir='ltr'><strong>constitisse</strong></span> <span class='ocrx_word' id='word_1_157' title='bbox 877 3119 1049 3206; x_wconf 67' lang='lat' dir='ltr'><strong>dicoreti).</strong></span> <span class='ocrx_word' id='word_1_158' title='bbox 1112 3123 1184 3187; x_wconf 91' lang='lat' dir='ltr'><strong>Hoc</strong></span> <span class='ocrx_word' id='word_1_159' title='bbox 1220 3123 1306 3186; x_wconf 93' lang='lat' dir='ltr'><strong>enim</strong></span> 
     </span>
     <span class='ocr_line' id='line_1_24' title="bbox 132 3229 1307 3309; baseline 0.001 -17"><span class='ocrx_word' id='word_1_160' title='bbox 132 3247 290 3293; x_wconf 88' lang='lat' dir='ltr'><strong>concesso</strong></span> <span class='ocrx_word' id='word_1_161' title='bbox 328 3247 387 3292; x_wconf 93' lang='lat' dir='ltr'><strong>cur</strong></span> <span class='ocrx_word' id='word_1_162' title='bbox 411 3229 559 3307; x_wconf 90' lang='lat' dir='ltr'><strong>Dolopes</strong></span> <span class='ocrx_word' id='word_1_163' title='bbox 595 3231 721 3294; x_wconf 92' lang='lat' dir='ltr'><strong>nullum</strong></span> <span class='ocrx_word' id='word_1_164' title='bbox 755 3231 856 3294; x_wconf 92' lang='lat' dir='ltr'><strong>alium</strong></span> <span class='ocrx_word' id='word_1_165' title='bbox 885 3237 1050 3296; x_wconf 89' lang='lat' dir='ltr'><strong>terrarum</strong></span> <span class='ocrx_word' id='word_1_166' title='bbox 1077 3232 1185 3295; x_wconf 91' lang='lat' dir='ltr'><strong>locum</strong></span> <span class='ocrx_word' id='word_1_167' title='bbox 1211 3248 1307 3309; x_wconf 93' lang='lat' dir='ltr'><strong>quam</strong></span> 
     </span>
     <span class='ocr_line' id='line_1_25' title="bbox 132 3332 1306 3417; baseline 0 -17"><span class='ocrx_word' id='word_1_168' title='bbox 132 3335 271 3417; x_wconf 85' lang='lat' dir='ltr'><strong>Scyrum</strong></span> <span class='ocrx_word' id='word_1_169' title='bbox 320 3332 444 3397; x_wconf 86' lang='lat' dir='ltr'><strong>adiisse</strong></span> <span class='ocrx_word' id='word_1_170' title='bbox 494 3335 692 3400; x_wconf 90' lang='lat' dir='ltr'><strong>credendum</strong></span> <span class='ocrx_word' id='word_1_171' title='bbox 732 3337 794 3416; x_wconf 89' lang='lat' dir='ltr'><strong>sit,</strong></span> <span class='ocrx_word' id='word_1_172' title='bbox 844 3336 996 3414; x_wconf 87' lang='lat' dir='ltr'><strong>equidem</strong></span> <span class='ocrx_word' id='word_1_173' title='bbox 1034 3357 1100 3402; x_wconf 92' lang='lat' dir='ltr'><strong>non</strong></span> <span class='ocrx_word' id='word_1_174' title='bbox 1139 3338 1306 3414; x_wconf 83' lang='lat' dir='ltr'><strong>intelligo.</strong></span> 
     </span>
     <span class='ocr_line' id='line_1_26' title="bbox 133 3439 1307 3522; baseline 0 -16"><span class='ocrx_word' id='word_1_175' title='bbox 133 3440 307 3506; x_wconf 87' lang='lat' dir='ltr'><strong>Accedunt</strong></span> <span class='ocrx_word' id='word_1_176' title='bbox 342 3439 429 3503; x_wconf 88' lang='lat' dir='ltr'><strong>aliae</strong></span> <span class='ocrx_word' id='word_1_177' title='bbox 465 3457 529 3522; x_wconf 78' lang='lat' dir='ltr'><strong>ree,</strong></span> <span class='ocrx_word' id='word_1_178' title='bbox 567 3459 650 3518; x_wconf 89' lang='lat' dir='ltr'><strong>quae</strong></span> <span class='ocrx_word' id='word_1_179' title='bbox 675 3441 847 3506; x_wconf 91' lang='lat' dir='ltr'><strong>Welckeri</strong></span> <span class='ocrx_word' id='word_1_180' title='bbox 884 3445 1083 3508; x_wconf 90' lang='lat' dir='ltr'><strong>sententiam</strong></span> <span class='ocrx_word' id='word_1_181' title='bbox 1109 3443 1307 3522; x_wconf 84' lang='lat' dir='ltr'><strong>infringant.</strong></span> 
     </span>
    </p>
   </div>
   <div class='ocr_carea' id='block_1_5' title="bbox 8 3545 1309 3630">
    <p class='ocr_par' dir='ltr' id='par_1_8' title="bbox 8 3545 1309 3630">
     <span class='ocr_line' id='line_1_27' title="bbox 8 3545 1309 3630; baseline -0.004 -12"><span class='ocrx_word' id='word_1_182' title='bbox 8 3613 9 3618; x_wconf 75' lang='grc'>,</span> <span class='ocrx_word' id='word_1_183' title='bbox 132 3550 278 3613; x_wconf 92' lang='lat' dir='ltr'><strong>Primum</strong></span> <span class='ocrx_word' id='word_1_184' title='bbox 304 3546 390 3610; x_wconf 89' lang='lat' dir='ltr'><strong>enim</strong></span> <span class='ocrx_word' id='word_1_185' title='bbox 415 3545 527 3609; x_wconf 91' lang='lat' dir='ltr'><strong>eodem</strong></span> <span class='ocrx_word' id='word_1_186' title='bbox 554 3547 626 3610; x_wconf 90' lang='lat' dir='ltr'><strong>iure</strong></span> <span class='ocrx_word' id='word_1_187' title='bbox 651 3555 751 3625; x_wconf 89' lang='lat' dir='ltr'><strong>atque</strong></span> <span class='ocrx_word' id='word_1_188' title='bbox 776 3547 874 3628; x_wconf 92' lang='lat' dir='ltr'><strong>Scyri</strong></span> <span class='ocrx_word' id='word_1_189' title='bbox 898 3548 1046 3628; x_wconf 86' lang='lat' dir='ltr'><strong>Dolopes</strong></span> <span class='ocrx_word' id='word_1_190' title='bbox 1071 3552 1126 3630; x_wconf 85' lang='lat' dir='ltr'><strong>agi</strong></span> <span class='ocrx_word' id='word_1_191' title='bbox 1151 3557 1309 3629; x_wconf 89' lang='lat' dir='ltr'><strong>poterant</strong></span> 
     </span>
    </p>
   </div>
   <div class='ocr_carea' id='block_1_6' title="bbox 132 3651 1308 4054">
    <p class='ocr_par' dir='ltr' id='par_1_9' title="bbox 132 3651 1308 4054">
     <span class='ocr_line' id='line_1_28' title="bbox 132 3651 1308 3737; baseline 0.004 -18"><span class='ocrx_word' id='word_1_192' title='bbox 132 3656 167 3719; x_wconf 93' lang='lat' dir='ltr'><strong>in</strong></span> <span class='ocrx_word' id='word_1_193' title='bbox 201 3653 386 3734; x_wconf 78' lang='lat' dir='ltr'><strong>Thessalia,</strong></span> <span class='ocrx_word' id='word_1_194' title='bbox 423 3651 479 3716; x_wconf 90' lang='lat' dir='ltr'><strong>uhi</strong></span> <span class='ocrx_word' id='word_1_195' title='bbox 515 3653 622 3716; x_wconf 91' lang='lat' dir='ltr'><strong>maior</strong></span> <span class='ocrx_word' id='word_1_196' title='bbox 657 3653 755 3718; x_wconf 88' lang='lat' dir='ltr'><strong>huius</strong></span> <span class='ocrx_word' id='word_1_197' title='bbox 791 3657 906 3734; x_wconf 84' lang='lat' dir='ltr'><strong>gentis</strong></span> <span class='ocrx_word' id='word_1_198' title='bbox 940 3658 1194 3734; x_wconf 90' lang='lat' dir='ltr'><strong>potentissimae</strong></span> <span class='ocrx_word' id='word_1_199' title='bbox 1230 3677 1308 3737; x_wconf 84' lang='lat' dir='ltr'><strong>pars</strong></span> 
     </span>
     <span class='ocr_line' id='line_1_29' title="bbox 133 3758 1308 3849; baseline 0.006 -24"><span class='ocrx_word' id='word_1_200' title='bbox 133 3759 229 3825; x_wconf 85' lang='lat' dir='ltr'><strong>sedes</strong></span> <span class='ocrx_word' id='word_1_201' title='bbox 265 3759 419 3838; x_wconf 89' lang='lat' dir='ltr'><strong>habebat,</strong></span> <span class='ocrx_word' id='word_1_202' title='bbox 456 3758 575 3823; x_wconf 87' lang='lat' dir='ltr'><strong>deinde</strong></span> <span class='ocrx_word' id='word_1_203' title='bbox 610 3776 651 3822; x_wconf 90' lang='lat' dir='ltr'><strong>ue</strong></span> <span class='ocrx_word' id='word_1_204' title='bbox 688 3758 721 3822; x_wconf 92' lang='lat' dir='ltr'><strong>id</strong></span> <span class='ocrx_word' id='word_1_205' title='bbox 757 3760 889 3838; x_wconf 90' lang='lat' dir='ltr'><strong>quidem</strong></span> <span class='ocrx_word' id='word_1_206' title='bbox 914 3762 1004 3826; x_wconf 89' lang='lat' dir='ltr'><strong>inter</strong></span> <span class='ocrx_word' id='word_1_207' title='bbox 1028 3781 1141 3827; x_wconf 89' lang='lat' dir='ltr'><strong>omues</strong></span> <span class='ocrx_word' id='word_1_208' title='bbox 1166 3774 1308 3849; x_wconf 90' lang='lat' dir='ltr'><strong>constat,</strong></span> 
     </span>
     <span class='ocr_line' id='line_1_30' title="bbox 133 3866 1308 3946; baseline 0.006 -16"><span class='ocrx_word' id='word_1_209' title='bbox 133 3874 244 3931; x_wconf 90' lang='lat' dir='ltr'><strong>utrum</strong></span> <span class='ocrx_word' id='word_1_210' title='bbox 262 3867 400 3946; x_wconf 89' lang='lat' dir='ltr'><strong>Scyriae</strong></span> <span class='ocrx_word' id='word_1_211' title='bbox 417 3866 583 3931; x_wconf 92' lang='lat' dir='ltr'><strong>Achillem</strong></span> <span class='ocrx_word' id='word_1_212' title='bbox 601 3885 643 3929; x_wconf 92' lang='lat' dir='ltr'><strong>an</strong></span> <span class='ocrx_word' id='word_1_213' title='bbox 658 3866 911 3943; x_wconf 91' lang='lat' dir='ltr'><strong>Neoptolemum</strong></span> <span class='ocrx_word' id='word_1_214' title='bbox 930 3866 1103 3932; x_wconf 89' lang='lat' dir='ltr'><strong>deductum</strong></span> <span class='ocrx_word' id='word_1_215' title='bbox 1122 3870 1308 3938; x_wconf 88' lang='lat' dir='ltr'><strong>docuerint.</strong></span> 
     </span>
     <span class='ocr_line' id='line_1_31' title="bbox 133 3972 1063 4054; baseline 0.002 -18"><span class='ocrx_word' id='word_1_216' title='bbox 133 3973 241 4037; x_wconf 88' lang='lat' dir='ltr'><strong>Nimis</strong></span> <span class='ocrx_word' id='word_1_217' title='bbox 266 3972 368 4038; x_wconf 89' lang='lat' dir='ltr'><strong>debili</strong></span> <span class='ocrx_word' id='word_1_218' title='bbox 393 3974 502 4054; x_wconf 87' lang='lat' dir='ltr'><strong>igitur</strong></span> <span class='ocrx_word' id='word_1_219' title='bbox 526 3980 723 4052; x_wconf 83' lang='lat' dir='ltr'><strong>argumento</strong></span> <span class='ocrx_word' id='word_1_220' title='bbox 749 3973 908 4037; x_wconf 89' lang='lat' dir='ltr'><strong>Wclcker</strong></span> <span class='ocrx_word' id='word_1_221' title='bbox 930 3973 1063 4039; x_wconf 91' lang='lat' dir='ltr'><strong>nititur.</strong></span> 
     </span>
    </p>
   </div>
   <div class='ocr_carea' id='block_1_7' title="bbox 240 4200 574 4449">
    <p class='ocr_par' dir='ltr' id='par_1_10' title="bbox 240 4200 574 4449">
     <span class='ocr_line' id='line_1_32' title="bbox 245 4200 507 4268; baseline 0.004 -14"><span class='ocrx_word' id='word_1_222' title='bbox 245 4202 270 4267; x_wconf 94' lang='lat' dir='ltr'><strong>l)</strong></span> <span class='ocrx_word' id='word_1_223' title='bbox 290 4201 307 4255; x_wconf 92' lang='grc'><strong>1.</strong></span> <span class='ocrx_word' id='word_1_224' title='bbox 326 4200 343 4254; x_wconf 92' lang='lat' dir='ltr'><strong>l.</strong></span> <span class='ocrx_word' id='word_1_225' title='bbox 363 4216 426 4268; x_wconf 81' lang='lat' dir='ltr'><strong>pag.</strong></span> <span class='ocrx_word' id='word_1_226' title='bbox 446 4201 507 4255; x_wconf 80' lang='lat'><strong>385.</strong></span> 
     </span>
     <span class='ocr_line' id='line_1_33' title="bbox 240 4289 574 4361; baseline 0.009 -19"><span class='ocrx_word' id='word_1_227' title='bbox 240 4291 267 4358; x_wconf 81' lang='lat'><strong>2)</strong></span> <span class='ocrx_word' id='word_1_228' title='bbox 287 4289 305 4343; x_wconf 90' lang='lat'><strong>1.</strong></span> <span class='ocrx_word' id='word_1_229' title='bbox 323 4289 343 4344; x_wconf 90' lang='lat' dir='ltr'><strong>l.</strong></span> <span class='ocrx_word' id='word_1_230' title='bbox 362 4305 425 4358; x_wconf 80' lang='lat' dir='ltr'><strong>pag.</strong></span> <span class='ocrx_word' id='word_1_231' title='bbox 448 4291 498 4344; x_wconf 81' lang='lat'><strong>140</strong></span> <span class='ocrx_word' id='word_1_232' title='bbox 517 4305 574 4361; x_wconf 81' lang='lat' dir='ltr'><strong>sqq.</strong></span> 
     </span>
     <span class='ocr_line' id='line_1_34' title="bbox 242 4379 505 4449; baseline 0.011 -18"><span class='ocrx_word' id='word_1_233' title='bbox 242 4383 269 4442; x_wconf 74' lang='lat' dir='ltr'><strong>a)</strong></span> <span class='ocrx_word' id='word_1_234' title='bbox 288 4379 306 4434; x_wconf 91' lang='grc'><strong>1,</strong></span> <span class='ocrx_word' id='word_1_235' title='bbox 326 4379 342 4432; x_wconf 93' lang='lat' dir='ltr'><strong>l.</strong></span> <span class='ocrx_word' id='word_1_236' title='bbox 362 4395 424 4449; x_wconf 77' lang='lat' dir='ltr'><strong>pag.</strong></span> <span class='ocrx_word' id='word_1_237' title='bbox 447 4381 505 4434; x_wconf 80' lang='lat'>142.</span> 
     </span>
    </p>
   </div>
   <div class='ocr_carea' id='block_1_8' title="bbox 0 0 1618 5080">
    <p class='ocr_par' dir='ltr' id='par_1_11' title="bbox 0 0 1618 5080">
     <span class='ocr_line' id='line_1_35' title="bbox 0 0 1618 5080; baseline 0 0"><span class='ocrx_word' id='word_1_238' title='bbox 0 0 1618 5080; x_wconf 95' lang='lat' dir='ltr'><strong> </strong></span> 
     </span>
    </p>
   </div>
  </div>
 </body>
</html>
