3208 5080
629 405 848 468 *69*

147 590 251 660 Illum
276 599 362 664 enim
386 602 565 685 Phegeum,
591 598 677 664 hunc
694 600 906 664 Alcmeonem
924 619 998 666 esse
1023 603 1236 682 conspicuum
1262 603 1324 684 est,

151 708 210 784 qui
235 723 329 786 quam
356 710 456 790 impie
481 711 515 774 in
540 728 691 774 socerum
717 717 751 774 et
774 728 911 773 uxorem
929 710 1048 790 egerit,
1067 728 1107 774 ex
1127 710 1324 790 Apollodori

149 817 346 880 narratione
365 817 589 896 cognoscitur.
627 818 818 881 Alcmeonis
835 816 942 893 igitur
959 818 999 881 ah
1016 817 1165 882 Acheloo
1178 818 1323 884 reditum

150 930 188 985 et
211 933 455 1002 praematuram
480 933 619 989 mortem
645 925 767 989 Accius
790 933 907 990 nostra
937 924 1115 1004 tragoedia
1146 927 1321 1005 expressit.

258 1048 354 1128 Apud
389 1048 537 1114 Graecos
572 1057 689 1129 poetas
724 1045 882 1127 Ἀλκμέων
917 1051 1037 1115 titulus
1078 1052 1184 1117 octies
1222 1051 1322 1116 redit.

150 1155 326 1234 Euripidis
351 1164 461 1221 autem
486 1157 618 1222 fabulae
643 1150 798 1236 Ἀλκμέων
822 1149 839 1218 δ
864 1152 920 1219 διὰ
936 1159 1105 1240 Κορίνθου
1122 1167 1157 1224 et
1168 1152 1324 1239 Ἀλκμέων

150 1255 205 1323 διὰ
235 1262 385 1340 Ψωφῖδος
409 1265 449 1328 ab
467 1266 614 1329 Acciana
638 1266 768 1330 alienae
793 1273 880 1348 sunt,
906 1266 967 1330 illa
990 1267 1102 1347 titulo,
1128 1267 1209 1330 haec
1234 1266 1324 1346 frag-

150 1378 262 1434 mento
290 1377 329 1435 72
353 1379 453 1452 teste,
479 1388 542 1451 quo
568 1374 653 1437 hanc
677 1373 883 1452 tragoediam
911 1373 950 1437 de
968 1375 1080 1453 priore
1098 1374 1138 1437 ad
1155 1375 1324 1452 Phegeum

151 1477 274 1542 itinere
300 1479 410 1558 egisse
445 1481 609 1545 certiores
638 1479 742 1545 fimus.
774 1480 864 1545 Idem
898 1482 1114 1559 proposuisse
1140 1481 1324 1546 credendus

151 1592 205 1648 est
228 1585 429 1651 Theodectis
453 1580 607 1666 Ἀλκμέων
632 1589 755 1652 collato
780 1589 967 1653 Aristotele
993 1588 1104 1666 (Rhet.
1119 1594 1149 1670 2,
1164 1593 1216 1670 23,
1245 1608 1321 1668 pag.

154 1694 292 1773 1397,b,
311 1698 328 1756 3
346 1714 380 1734 =
397 1692 438 1757 fr.
457 1691 500 1774 2).
548 1695 801 1775 Astydamantis
825 1714 905 1760 vero
931 1696 1145 1759 Alcmeonam
1171 1696 1323 1761 Corinthi

151 1798 260 1863 locum
298 1802 454 1865 habuisse
490 1803 664 1879 probabile
700 1804 738 1868 fit
770 1821 787 1866 e
817 1804 891 1867 loco
926 1803 1124 1868 Aristotelis
1148 1803 1226 1884 περὶ
1250 1825 1322 1864 ποι-

30 1924 34 1929 ·
149 1907 259 1988 ηνίκῆς
284 1925 310 1970 e.
327 1912 381 1972 14:

256 2008 344 2094 „dccc
368 2013 402 2076 dd
425 2017 551 2096 πρᾶξαι
574 2019 646 2096 μέν,
682 2008 881 2093 α’γνοοῦντας
916 2014 951 2079 δὲ
985 2017 1110 2097 πρᾶξαι
1143 2008 1322 2098 cedocedo,

154 2109 221 2180 εἶδ’
255 2111 391 2202 ὕστερον
426 2115 641 2206 ἅναγνωρίσαο
676 2117 734 2208 τὴν
768 2122 892 2206 φυλίαν,
929 2115 1040 2205 ὥσπερ
1075 2115 1323 2204 ὁΣοφοκλέους

155 2221 320 2297 Οἰδίπους·
357 2233 454 2292 τοῦτο
491 2229 554 2308 μὲν
590 2210 648 2292 οἷον
682 2227 742 2304 ἔξω
777 2234 837 2294 τοῦ
866 2225 1040 2312 δράματος·
1066 2226 1101 2292 ἓν
1125 2225 1155 2293 δ’
1179 2224 1261 2316 αὐτῇ
1283 2251 1322 2316 τῃ

152 2335 323 2420 τραγῳδίᾳ,
360 2321 430 2398 οἷον
465 2331 482 2398 ὅ
507 2330 664 2417 Ἀλκμέων
695 2331 712 2399 ὁ
738 2332 989 2418 Ἀστυδάμαντος
1012 2327 1031 2421 ἢ
1055 2329 1072 2398 δ
1100 2329 1321 2419 Τηλέγονοςδ

152 2436 188 2502 ἐν
211 2445 256 2526 τῷ
278 2447 462 2528 τραυματίᾳ
487 2437 647 2510 Ὀδυσσεῖ.

255 2549 348 2616 Nihil
373 2555 543 2633 cognitum
580 2556 738 2619 habemus
774 2553 813 2617 de
845 2553 969 2617 fabulis
1000 2551 1198 2632 Agathonis,
1223 2552 1321 2617 Nico-

152 2659 270 2740 machi,
295 2660 446 2724 Euareti.
494 2662 614 2726 Restat
638 2663 746 2740 igitur
770 2660 945 2740 Sophoclis
969 2653 1135 2738 Ἀλκμέων.

134 2809 139 2816 -
255 2767 367 2830 Verba
391 2774 501 2831 autem
525 2765 601 2831 inde
626 2775 762 2833 servata
786 2765 952 2846 (fr.104):

255 2867 345 2955 ,,εἴδ’
368 2854 405 2934 εὖ
429 2863 629 2954 φρονήσαυυ’
652 2869 803 2950 εἰςίδοομί
825 2893 894 2941 πως
917 2875 1047 2952 φρενῶν

233 2975 417 3064 ’ἐπήβολον
440 2979 546 3042 καλῶν
569 2977 625 3041 σε“

151 3089 363 3153 Alcmeonem
398 3086 540 3153 nondum
576 3087 682 3152 furias
717 3094 957 3164 persequentes
993 3085 1150 3165 effugisse
1192 3085 1321 3151 demon-

150 3203 269 3261 strant.
308 3196 475 3273 Expiatur
491 3213 572 3259 vero
590 3195 730 3272 primum
749 3213 768 3258 a
784 3194 930 3272 Phegeo,
955 3194 1076 3258 iterum
1094 3196 1134 3257 ab
1160 3195 1320 3274 Acheloo,

151 3302 245 3365 cuius
281 3301 369 3365 filiae
405 3302 561 3379 precibus
597 3301 759 3366 adductus
794 3300 961 3365 funestum
997 3300 1081 3364 illud
1113 3301 1255 3365 alterum
1280 3299 1321 3364 ad

151 3409 320 3488 Phegeum
335 3409 401 3472 iter
415 3408 614 3486 ingreditur.
637 3409 756 3487 Itaque
770 3407 903 3472 etiamsi
917 3406 1139 3486 fragmentum
1153 3406 1321 3471 laudatum

150 3515 191 3579 ad
203 3517 425 3593 posteriorem
439 3516 662 3592 expiationem
679 3515 875 3595 referamus,
891 3516 990 3578 nimis
1008 3514 1142 3593 longum
1160 3515 1320 3592 temporis

151 3623 294 3700 spatium
321 3624 563 3700 complectatur
587 3622 620 3686 id
646 3623 769 3704 drama,
795 3621 881 3700 quod
899 3629 934 3685 et
948 3622 1052 3686 verba
1069 3639 1170 3699 supra
1186 3621 1321 3685 laudata

151 3736 185 3793 et
220 3729 410 3794 Alcmeonis
446 3738 585 3795 mortem
622 3730 801 3794 contineat.
851 3727 922 3808 Quo
958 3729 1006 3810 fit,
1043 3737 1081 3793 ut
1123 3728 1319 3806 Sophoclem

151 3836 251 3900 aliam
276 3838 449 3900 materiem
473 3846 573 3916 atque
598 3837 735 3902 Accium
760 3843 927 3900 tractasse
953 3835 1192 3914 intelligamus.

255 3960 315 4025 Oui
351 3969 460 4026 autern
497 3964 601 4028 verba
636 3962 822 4041 Sophoclea
858 3961 1026 4038 impertiri
1071 3966 1210 4038 possunt
1253 3960 1319 4023 nisi

150 4065 419 4145 Alphesiboeae?
444 4067 535 4148 Quae
559 4069 643 4134 talia
672 4076 849 4147 exoptasse
879 4065 1044 4132 credenda
1077 4074 1128 4131 est
1159 4073 1216 4131 aut
1247 4084 1319 4129 cum

150 4174 287 4238 Alcmeo
311 4173 412 4239 furiis
436 4177 585 4256 agitatus
610 4176 650 4240 ad
674 4177 843 4255 Phegeum
868 4184 997 4255 patrem
1018 4173 1156 4240 advenit
1171 4181 1230 4238 aut
1247 4191 1319 4237 eum

149 4299 236 4345 nova
271 4282 462 4361 expiatione
498 4284 634 4365 egebat,
670 4291 707 4348 ut
742 4291 856 4348 terrae
892 4281 1060 4348 sterilitas
1095 4287 1318 4346 amoveretur.

150 4386 195 4452 Et
219 4387 281 4450 hoc
306 4395 339 4452 et
363 4389 447 4455 illud
472 4391 501 4454 si
525 4390 698 4472 statuitur,
723 4390 946 4470 expiationem
965 4390 1057 4454 illam
1074 4395 1132 4454 aut
1149 4406 1169 4453 a
1184 4387 1319 4468 Phegeu
