3208 5080
592 421 810 482 „41-

122 615 353 697 constantibus
393 614 529 679 nimium
568 611 717 676 dolorem
756 613 928 694 indignum
970 633 1043 680 esse
1076 615 1298 696 existimaret,

123 725 237 789 facere
275 712 340 786 non
376 722 505 802 potuit,
550 720 629 798 quin
664 721 845 786 Pacuvium
890 723 983 787 illum
1028 724 1136 786 locum
1179 723 1299 786 melius

123 831 293 895 effinxisse
318 829 485 893 iudicaret
509 845 605 907 quam
629 827 836 905 Sophoclem.

227 937 266 1001 ln
297 936 406 1000 altera
437 951 567 1014 quoque
598 952 635 998 re
666 935 833 1001 Pacuvius
862 936 897 999 in
927 937 1058 1014 Niptris
1092 935 1300 1013 aSophccle

23 1051 26 1058 '
127 1044 304 1113 deflexisse
320 1043 465 1124 videtur,
484 1059 678 1120 quamquam
696 1043 810 1105 nescio
828 1062 870 1107 an
895 1062 1013 1122 magno
1039 1062 1111 1108 cum
1136 1041 1297 1107 dramatis

123 1152 324 1217 detrimento
349 1151 412 1214 hoc
436 1149 562 1213 factum
587 1148 642 1212 sit.
914 1221 915 1225 Ἰ
1103 1158 1123 1226 ·,

227 1257 442 1336 Fragmentis
467 1256 553 1319 enim
584 1255 725 1321 IV—VI
749 1257 918 1321 evincitur
945 1257 1073 1323 Ulixem
1099 1257 1296 1337 explicasse,

123 1385 207 1447 quos
240 1383 373 1430 errores
404 1365 506 1428 'l'roia
540 1363 675 1427 rediens
712 1365 952 1442 superavisset.
1006 1364 1069 1446 Qui
1102 1383 1297 1444 quamquam

125 1473 337 1538 celeberrimi
362 1471 513 1566 omnibus
537 1471 744 1549 temporibus
777 1471 930 1553 fuerunt,
964 1480 1075 1537 tamen
1098 1470 1210 1536 idonei
1234 1490 1301 1535 non

124 1588 235 1662 erant,
277 1580 333 1660 qui
358 1578 549 1643 accuratius
583 1579 624 1643 ah
656 1579 728 1656 ipso
761 1587 982 1644 narrarentur
1014 1581 1115 1660 longo
1149 1586 1300 1656 tempora

124 1695 299 1767 postquam
323 1687 425 1751 Troia
447 1685 658 1751 revertisset.
707 1685 816 1767 Quare
841 1688 878 1752 L.
902 1687 1052 1751 Miiller
1066 1693 1088 1765 ¹)
1113 1686 1302 1766 fragmenta

125 1793 378 1874 supralaudato
402 1811 468 1857 non
492 1792 533 1856 ad
556 1800 654 1857 notos
678 1793 757 1856 illos
782 1811 915 1858 errores
939 1793 1058 1875 refert,
1083 1793 1141 1858 sed
1165 1792 1205 1856 ad
1231 1810 1300 1873 eos,

125 1903 246 1983 quihus
277 1900 394 1968 Ulixes
423 1898 616 1978 implicatus
650 1900 711 1982 sit,
745 1919 818 1964 cum
852 1901 973 1965 iterum
1004 1901 1116 1979 patria
1140 1917 1298 1978 egressus

126 2016 225 2074 esset.
272 2009 386 2087 Neque
417 2025 499 2073 vero
531 2007 583 2070 his
612 2005 811 2086 fragmentis
841 2007 1081 2086 interpretatio
1111 2006 1177 2072 viri
1208 2005 1298 2070 docti

3 2135 6 2146 ·
126 2095 309 2182 artificiose
334 2123 527 2180 constructa
551 2116 796 2192 comprobatur.
844 2115 953 2179 Aliam
979 2115 1086 2194 igitur
1110 2112 1298 2192 explicandi

127 2226 213 2290 viam
238 2223 411 2302 ingressus
436 2230 488 2287 est
512 2222 815 2299 Wilamowitz2)
840 2240 913 2286 cum
938 2222 1135 2300 Sophoclem
1158 2235 1301 2304 pvqcrq-

127 2330 282 2414 ροφονίας
315 2329 390 2393 loco
428 2329 537 2395 Ulixis
579 2337 718 2393 mortem
764 2329 1033 2406 intempestivam
1061 2315 1298 2407 'proposuisse

128 2444 303 2504 statueret.
362 2436 476 2515 Neque
509 2454 590 2500 vero
625 2443 677 2500 est
710 2454 769 2500 cur
803 2436 986 2502 Pacuvium
1021 2436 1112 2500 illam
1147 2453 1299 2499 errorum

127 2546 353 2611 narrationem
389 2543 476 2622 apud
511 2542 709 2622 Sophoclem
745 2543 914 2609 invenisse
952 2542 1149 2608 credamus*
1193 2541 1299 2606 Nimis

127 2662 253 2718 temere
304 2653 390 2716 enim
444 2651 597 2716 conicere
650 2657 749 2732 puto,
801 2651 830 2714 si
880 2651 954 2729 quis
999 2669 1112 2714 omnes
1166 2667 1300 2714 errores

128 2761 213 2839 apud
265 2760 462 2838 Sophoclem
504 2759 692 2822 enumerari
733 2758 798 2822 sihi
834 2757 1034 2839 persuadet,
1070 2756 1157 2836 quod
1200 2775 1299 2820 unum

129 2868 350 2948 fragmentum
375 2870 439 2930 419

473 3039 476 3046 Ι
548 2970 666 3054 ,,νηδυς
689 2966 883 3050 ἐλαιόεσσα“

120 3081 311 3166 ,111111εοὶ0
336 3101 377 3146 an
402 3080 443 3146 ad
468 3081 625 3162 Cyclopis
649 3089 800 3146 ventrem
825 3079 958 3146 avidum
982 3082 1161 3157 pertineat.
1208 3078 1305 3142 Veri·

130 3190 274 3254 similius
306 3189 415 3269 igitur
445 3188 600 3253 existimo
624 3188 806 3252 Romanum
838 3194 969 3266 poetam
994 3185 1105 3251 studio
1130 3203 1305 3250 accensum

130 3298 319 3378 argumenti
350 3295 573 3375 amplificandi
606 3296 812 3359 clarissimos
845 3296 924 3359 illos
955 3301 1096 3361 eventus
1121 3293 1304 3358 inseruisse

131 3413 190 3470 aut
213 3424 273 3469 suo
302 3405 445 3469 arbitrio
477 3411 536 3468 aut
566 3402 637 3467 illis
670 3403 754 3480 ipsis
784 3403 899 3468 verbis
923 3402 1120 3479 Sophocleis
1143 3400 1305 3465 illectum.

640 3593 797 3680 chrysos.

236 3727 475 3806 Argumentum
500 3726 598 3790 huius
623 3722 820 3810 tragoediae
845 3721 929 3786 illud
953 3721 1059 3786 fuisse
1084 3739 1220 3786 necesse
1244 3729 1306 3803 est,

105 3833 220 3913 quod
250 3834 290 3897 ab
325 3833 459 3914 Hygino
492 3833 557 3896 fab.
609 3837 681 3913 120,
714 3836 787 3912 121,
818 3830 997 3922 memoriae
1028 3826 1193 3906 proditur.
1249 3828 1308 3892 Bis

133 3941 224 4004 enim¹
245 3941 391 4021 Chryses
421 3941 471 4004 ita
495 3945 770 4005 commemoratur
796 3939 828 4001 in
862 3937 1010 4016 antiquis
1034 3935 1309 4016 narratiunculis,

132 4056 170 4112 ut
206 4048 326 4112 iustam
358 4046 518 4112 dramatis
550 4047 724 4112 materiem
749 4046 920 4126 praebeat,
943 4044 1084 4123 primum
1104 4025 1167 4106 ¹uhi
1190 4049 1308 4120 raptae

240 4243 268 4311 l)
289 4241 340 4308 „de
360 4239 472 4294 Pacuvii
490 4237 607 4293 fabulis“
627 4253 689 4308 pag.
709 4242 743 4294 88
763 4253 819 4306 sqq.

239 4333 267 4398 a)
287 4328 480 4400 „Homerische
493 4326 975 4398 Untcrsuchnngen=Philologischc
984 4326 1234 4394 Unicrsuchungen
1245 4322 1306 4392 VII,

131 4421 203 4482 Berl.
225 4422 293 4479 lese
313 4436 375 4494 pag.
397 4421 449 4476 lor
467 4423 524 4488 sqq.
