3208 5080
759 437 977 504 *ld-2
1415 475 1423 514 p

287 629 430 700 fabulam
464 629 684 701 reformidare
718 629 906 718 debebat‘).
961 632 1051 702 Idem
1087 639 1208 716 probat
1239 638 1464 716 fragmentum

287 737 463 806 traditumt

449 865 541 929 „cnm
567 845 729 916 strideret
752 855 902 915 retracta
926 864 1043 914 rursus
1069 845 1220 915 inferis“.

286 951 464 1035 Repugnat
488 955 573 1020 enim
599 958 653 1020 hic
677 973 795 1022 versus
819 954 993 1035 Euripidis
1017 953 1194 1038 Alcestidi,
1220 957 1276 1022 ubi
1294 955 1462 1048 Hercules

286 1058 326 1127 ad
351 1058 534 1128 Alcestidis
570 1061 758 1142 sepulcrum
793 1080 863 1128 cum
897 1061 1006 1128 Morte
1038 1060 1169 1130 luctans
1203 1080 1337 1128 uxorem
1363 1063 1462 1136 fidam

285 1164 405 1234 marito
436 1177 632 1251 recuperat,
666 1172 832 1236 consentit
857 1187 928 1235 cum
954 1171 1161 1248 sarcophago
1188 1172 1335 1236 Ostiensi
1361 1175 1397 1252 Α,
1424 1173 1461 1236 111

283 1291 347 1354 quo
381 1273 547 1341 Herculos
580 1273 784 1342 Alcestidem
824 1275 865 1342 ab
906 1276 1024 1341 inseris
1055 1277 1217 1341 reducens
1250 1275 1458 1358 depingitur.

283 1381 439 1448 Videmus
480 1385 587 1462 igitur
619 1382 870 1462 percrebruisse
901 1381 988 1462 apud
1019 1385 1174 1463 antiquos
1204 1384 1285 1449 duas
1319 1383 1358 1449 de
1392 1386 1458 1450 hac

282 1487 395 1554 fabula
412 1492 595 1571 versiones
613 1506 749 1570 quarum
767 1487 907 1555 alteram
925 1487 1105 1568 Euripides
1122 1494 1295 1572 tractavit,
1312 1491 1456 1556 alteram

282 1594 311 1662 is
336 1606 445 1678 poeta,
470 1612 564 1676 quem
590 1598 712 1661 Accius
737 1607 871 1662 secutus
896 1605 957 1662 cst.
1005 1595 1100 1661 Hunc
1124 1607 1232 1662 autem
1258 1598 1456 1676 Sophoclem

282 1703 386 1768 fuisse
415 1701 635 1787 Welcker²)
662 1705 796 1770 conicit.
843 1702 1017 1770 Plutarchi
1043 1705 1128 1768 enirn
1153 1706 1188 1769 in
1212 1705 1299 1768 libro
1324 1724 1373 1784 eo,
1399 1706 1460 1783 qui

281 1807 479 1876 inscribitur
503 1810 581 1891 περὶ
605 1803 842 1872 catalanicus
866 1809 1073 1894 χρηστηρίων,
1098 1813 1201 1877 verba
1226 1809 1270 1893 (c.
1298 1814 1369 1887 lii:

444 1908 481 1999 „d
506 1913 708 1998 Σοφοκλέους
726 1912 877 1999 ’Ἄδμητος

440 2016 550 2102 ιοὑμὸς
573 2018 747 2104 δ’ἅλέκτωρ
773 2015 873 2086 αὐτὸν
897 2003 953 2104 ἦγε
978 2017 1059 2107 πρὸς
1083 2014 1221 2107 μύλην’“

282 2146 322 2196 ex
349 2128 518 2196 Alcestide
544 2132 657 2196 fabula
681 2133 800 2197 hausta
825 2150 897 2195 esse
923 2139 1029 2210 putat.
1077 2132 1170 2194 Hanc
1194 2149 1294 2211 vero,
1319 2133 1348 2194 si
1373 2131 1452 2212 suit,

281 2236 465 2302 Alcestidis
507 2247 646 2303 mortem
686 2241 719 2302 in
755 2257 886 2302 scenam
922 2239 1105 2316 protulisse
1141 2237 1353 2304 manifestum
1389 2247 1455 2303 est.

280 2344 362 2409 Nam
387 2363 459 2409 cum
484 2346 543 2408 illo
565 2345 752 2425 fragmento
773 2345 975 2410 Alcestidem
995 2363 1130 2408 uxorem
1147 2362 1220 2408 esse
1237 2353 1455 2426 coarguatur,

281 2448 424 2517 alienum
471 2459 522 2516 est
568 2453 630 2517 hoc
679 2450 791 2517 drama
830 2454 871 2517 ab
910 2471 965 2533 eo,
1005 2453 1038 2515 in
1075 2471 1138 2530 quo
1164 2453 1285 2529 Apollo
1310 2451 1455 2516 Admeto

280 2559 464 2624 Alcestidis
488 2560 733 2624 matrimonium
759 2560 926 2624 conciliet.
967 2558 1056 2623 idem
1084 2559 1191 2636 igitur
1217 2567 1452 2638 argumentum

281 2665 528 2730 attribuendum
560 2674 611 2729 est
644 2667 819 2744 Sophoclis
853 2665 1016 2731 Alcestidi
1058 2673 1157 2744 atque
1192 2667 1304 2730 Accii:
1338 2666 1455 2744 Neque

281 2770 1457 2852 dubitaremstatuere'AccianamtragoediamexSophocleaoriginem

281 2878 425 2958 duxisse,
445 2880 473 2942 si
498 2879 656 2943 Welcker
673 2880 868 2958 Sophoclem
893 2879 961 2944 tale
987 2879 1099 2944 drama
1124 2881 1350 2964 composuisse
1368 2882 1455 2944 satis

280 2985 425 3049 dilucide
471 2985 778 3051 demonstravisset.
827 2985 920 3066 Quod
954 2994 991 3050 ut
1026 2986 1194 3066 efficeret,
1232 3006 1305 3050 cum
1330 2988 1362 3050 ei
1386 3006 1454 3050 non

280 3093 464 3172 contigisse
489 3101 668 3174 appareat,
694 3102 819 3159 certum
846 3093 886 3156 de
912 3093 1094 3157 Alcestidis
1121 3095 1287 3158 Accianae
1312 3099 1454 3158 auctore

282 3201 412 3266 Graeco
437 3199 596 3263 iudicium
622 3200 711 3263 ferre
735 3217 874 3279 nequeo.

757 3339 973 3408 Andromede.

382 3452 625 3516 Praetermisso
643 3451 744 3514 Ennii
770 3451 920 3528 exemplo
939 3451 1077 3514 Accium
1101 3451 1199 3514 aliam
1225 3460 1325 3531 atque
1350 3452 1454 3515 Euri-

280 3557 366 3636 pidis
407 3557 649 3622 Andromedam
690 3558 850 3622 Graecam
892 3557 1101 3638 tragoediam
1145 3557 1336 3622 imitandam
1385 3559 1453 3623 sibi

279 3667 460 3744 sumpsisse
491 3666 656 3744 reliquiae
682 3665 812 3728 docent.
860 3666 953 3729 Hanc
978 3673 1087 3730 autem
1114 3666 1291 3743 Sophoclis
1327 3667 1453 3728 Antro-

279 3772 404 3836 medam
430 3772 534 3836 fuisse
559 3773 615 3837 vix
641 3771 887 3837 affirmaverim.
935 3773 1015 3836 Nam
1042 3781 1274 3851 praeterquam
1299 3771 1384 3850 quod
1411 3789 1454 3836 ex

278 3879 478 3958 fragmentis
510 3880 595 3943 nihil
627 3879 797 3942 lucramur
827 3896 868 3942 ne
900 3878 932 3943 id
957 3879 1089 3957 quidem
1115 3879 1199 3944 satis
1223 3880 1314 3944 inter
1338 3895 1453 3942 omnes

280 3993 421 4067 constat,
447 3993 556 4050 utrum
574 3985 749 4064 Sophoclis
766 3984 977 4049 Andromeda
1000 3985 1178 4065 tragoedia
1201 4006 1242 4050 an
1267 3985 1452 4076 satyricum

279 4092 392 4157 drama
417 4092 521 4157 suerit
545 4089 600 4176 (cs.
625 4111 701 4171 pag.
729 4088 794 4175 13).

284 4201 361 4207 —
388 4202 490 4299 tiliae
517 4231 725 4287 ratiocinatione
754 4231 850 4286 ductus
878 4230 958 4286 etiam
987 4232 1018 4286 L.
1038 4232 1133 4286 Miiller
1161 4232 1222 4300 („de
1242 4232 1315 4286 Accii
1335 4230 1454 4301 fabulis‘,

277 4337 340 4398 pag.
361 4325 388 4386 8)
408 4321 570 4376 Alcestidem
591 4321 736 4375 Accianum
757 4320 790 4375 ab
809 4319 938 4390 Euripide
956 4326 1067 4382 auctore
1087 4320 1233 4380 abiudicct.

384 4410 445 4476 2)1.
465 4411 483 4465 l.
502 4426 564 4480 pag.
583 4412 644 4466 345.

760 4557 968 4570 μὴ
