3208 5080
775 437 996 498 ..pg-

405 628 696 708 Expugnationem
740 631 844 709 ipsam
889 631 1039 694 indicant
1083 631 1187 695 verba
1236 650 1255 694 a
1301 631 1471 694 Macrobio

299 733 381 806 (Sat.
409 736 463 816 VI,
493 741 579 818 ipa)
605 737 748 803 tradita:

409 861 603 922 „numquam
629 845 727 909 hodie
753 843 892 923 effugies
912 846 997 926 ,quin
1021 862 1094 908 mea
1118 845 1274 908 moriaris
1299 843 1428 926 manu“‚

300 949 419 1026 quibus
445 950 630 1015 Menelaum
655 953 687 1014 in
714 953 872 1016 Helenam
898 953 1063 1017 invectum
1090 969 1163 1014 esse
1188 951 1342 1015 Ribbeck
1366 959 1471 1033 putat,

300 1074 494 1134 quamquam
520 1059 591 1136 ipse
617 1060 717 1123 etiam
750 1060 789 1122 de
811 1059 1028 1136 Neoptolemo
1053 1059 1221 1122 Priamum
1246 1067 1471 1136 persequente
1590 1047 1591 1100 l

299 1164 443 1239 eogitari
478 1183 575 1242 posse
608 1165 745 1230 fatetur.
793 1165 882 1230 Illud
914 1173 1005 1230 certe
1038 1183 1079 1228 ex
1112 1163 1300 1242 fragmento
1333 1165 1469 1230 laudato
1590 1147 1591 1236 i

300 1273 516 1349 cognoscitur
556 1290 687 1336 errasse
734 1269 1033 1354 Welckerum¹)‚
1081 1291 1153 1336 cum
1201 1272 1289 1350 Equi
1335 1273 1472 1336 Troiani
1590 1289 1591 1360 j

298 1375 393 1441 finem
430 1377 553 1442 facturn
590 1398 663 1444 esse
700 1380 871 1460 crederet,
904 1381 958 1443 ubi
988 1396 1091 1457 equus
1117 1378 1249 1458 ligneus
1275 1386 1469 1443 exstructus

299 1492 399 1550 esset.
447 1485 523 1564 Ipse
556 1494 666 1550 autem
700 1488 801 1551 etiam
833 1487 1112 1566 expugnationem
1143 1493 1322 1549 tractatam
1363 1486 1471 1552 videri

300 1591 453 1656 concedit
485 1612 550 1656 non
582 1602 717 1674 nostro,
749 1593 807 1658 sed
840 1593 1012 1658 Ciceronis
1045 1591 1184 1670 quodam
1210 1593 1283 1656 loco
1311 1592 1472 1657 adductus
1590 1645 1591 1670 1

300 1697 412 1777 (epist.
438 1699 479 1762 ad
502 1699 578 1763 iam.
599 1700 673 1782 VH,
693 1706 721 1782 1,
740 1700 784 1783 2),
809 1701 865 1765 ubi
891 1701 1035 1778 legitur:

409 1815 611 1886 „apparatus
636 1809 722 1871 enim
748 1808 914 1886 spectatio
939 1808 1083 1872 tollebat
1107 1823 1234 1870 omnem
1253 1807 1470 1888 hilaritatem7

300 1931 363 1990 quo
396 1913 526 1991 quidem
559 1923 722 1993 apparatu
756 1934 818 1979 non
855 1914 988 1996 dubita·
1016 1915 1095 1992 quin
1127 1914 1236 1977 animo
1268 1914 1471 1991 aequissimo

299 2021 459 2084 carueris.
508 2019 594 2101 Quid
620 2021 706 2085 enim
732 2021 969 2086 delectationis
994 2022 1116 2084 habent
1141 2021 1292 2108 sexcenti
1325 2020 1406 2083 muli
1439 2021 1472 2084 in

299 2126 595 2205 Clytaemnestra?
620 2136 678 2193 aut
694 2129 729 2192 in
745 2129 841 2207 Equo
860 2128 1005 2192 Troiano
1024 2135 1230 2191 craterarum
1248 2128 1317 2191 tria
1334 2126 1470 2190 milia?“

405 2252 525 2318 Naevii
563 2261 655 2318 certe
691 2253 820 2331 Equum
857 2253 1036 2317 Troianum
1068 2259 1303 2316 commemorat
1337 2251 1473 2329 Cicero;

300 2377 373 2422 nam
401 2359 573 2424 Ciceronis
597 2361 804 2438 temporibus
822 2360 954 2424 Livium
979 2360 1087 2438 pluris
1112 2359 1235 2423 factum
1254 2377 1328 2423 esse
1345 2358 1472 2424 Naevio

298 2465 498 2530 incredibile
524 2475 575 2532 est
599 2485 706 2545 neque
732 2466 903 2531 Ciceronis
928 2468 1032 2532 verba
1056 2463 1164 2548 (Brut.
1185 2465 1314 2547 18‚71):

410 2575 592 2654 „Livianae
617 2573 750 2637 fabulae
773 2591 839 2637 non
864 2574 947 2638 satis
972 2572 1093 2650 dignae
1123 2589 1207 2650 quae
1239 2573 1360 2636 iterum

409 2679 585 2759 legantur“

300 2787 384 2849 ullas
421 2787 603 2851 etiamtunc
638 2783 731 2853 Livii
768 2787 898 2852 fabulas
932 2789 967 2851 in
1002 2787 1136 2851 theatro
1173 2787 1362 2850 celebratas
1396 2805 1470 2850 esse

299 2894 472 2969 probabile
497 2893 650 2959 reddunt.

403 3018 539 3082 Eisdem
564 3019 604 3083 de
629 3021 739 3084 causis
757 3020 797 3084 ad
815 3021 934 3085 Naevii
950 3020 1080 3097 Equum
1098 3020 1279 3083 Troianum
1297 3020 1469 3096 pertinere
1583 3053 1585 3060 ,

298 3125 552 3188 existimandum
578 3133 630 3190 est
655 3126 698 3206 id,
724 3126 810 3206 quod
836 3126 954 3190 Cicero
979 3126 1013 3190 in
1038 3145 1111 3204 epp.
1136 3125 1177 3189 ad
1201 3125 1277 3190 fam.
1292 3126 1367 3207 VH,
1384 3131 1469 3206 16,1

191 3288 193 3292 ,
298 3230 446 3308 profert:

505 3339 559 3419 „in
583 3340 678 3419 Equo
704 3342 849 3406 Troiano
874 3342 941 3406 scis
966 3359 1039 3406 esse
1064 3342 1098 3405 in
1123 3349 1290 3405 extremo:

662 3439 750 3512 ‘sero
776 3451 911 3527 sapiunt
934 3441 1130 3530 Phryges.’“

298 3550 423 3615 Eodem
449 3563 602 3631 spectare
628 3563 885 3620 cousentaneum
910 3563 962 3620 est
986 3556 1133 3635 Festum,
1158 3554 1215 3632 qui
1240 3571 1265 3616 s.
1283 3571 1314 3619 v.
1339 3543 1463 3616 ‘serum

298 3659 453 3738 scripsit:
1523 3749 1526 3752 -

390 3785 485 3845 „sero
504 3769 639 3846 sapiunt
655 3769 819 3852 Phryges,
841 3771 1055 3849 proverbium
1073 3775 1125 3832 est
1141 3775 1253 3832 natum
1270 3787 1289 3831 a
1303 3768 1469 3848 Troianis

387 3875 444 3952 qui
481 3874 607 3938 decimo
645 3875 787 3955 denique
821 3897 905 3940 anno
950 3877 1038 3941 velle
1084 3882 1264 3952 coeperant
1307 3875 1468 3938 Helenam

388 3999 537 4059 quaeque
563 4001 634 4045 cum
660 4001 699 4046 ea
723 3992 819 4048 erant
842 3992 940 4061 rapta
963 3982 1103 4047 reddere
1128 3980 1299 4046 Achivis.“

297 4088 416 4167 ltaque
442 4089 474 4151 in
499 4089 669 4154 Naeviaua
701 4088 816 4153 fabula
849 4090 975 4153 decimo
1008 4087 1088 4152 belli
1122 4107 1207 4151 anno
1233 4088 1371 4151 'luciani
1397 4106 1469 4150 oum

298 4196 438 4261 Achivis
463 4197 588 4273 pacisci
615 4197 782 4262 volebant.
831 4197 867 4260 ld
893 4204 1003 4261 autem
1028 4194 1150 4259 iactum
1177 4213 1261 4276 esse,
1292 4205 1468 4272 antequam

407 4390 433 4458 1)
452 4387 470 4442 l.
489 4389 506 4442 l.
527 4404 589 4458 pag.
603 4389 664 4443 526.
